3392 5300
632 453 856 518 ..21-

122 655 139 698 e
163 632 254 698 libris
278 633 432 716 hauserit,
461 634 670 700 internoscere
694 632 821 700 difficile
845 637 909 716 est,
938 634 971 698 in
999 637 1265 720 comparationem
1293 656 1363 701 cum

122 735 259 807 Diodoro
284 761 395 808 vocare
418 740 506 806 nullo
529 741 621 807 modo
644 741 734 824 licet3
763 742 1009 823 δεισιδαιμονίας
1032 741 1118 808 illius
1145 741 1260 809 indicia
1287 764 1364 809 non·

122 847 213 914 nulla
228 870 303 914 sane
320 852 431 914 extant
446 870 471 914 o.
490 848 532 929 H,
559 851 578 914 3
596 852 697 914 ταῦτα
715 853 769 914 rob
795 847 976 934 Φιλομήλου
998 851 1144 929 λέγοντος
1165 851 1224 916 οὐκ
1246 852 1364 930 ἐγένετο

123 957 259 1022 ἀκούσια
288 959 329 1043 τῷ
358 952 481 1043 πλήθει
509 961 571 1022 τῶν
597 960 748 1032 Φωκέων,
776 959 837 1020 εἴτε
866 957 922 1042 τὴν
944 956 1071 1042 γνώμην
1093 963 1181 1042 σφίσι
1206 962 1260 1023 τοῦ
1283 962 1365 1023 θεοῦ

123 1061 335 1148 βλάπτοντος,
357 1069 419 1129 εἴτε
441 1065 494 1128 καὶ
509 1065 619 1140 αὐτοῖς
634 1063 810 1148 πεφυκόσιν
825 1065 1029 1151 ἐπίπροσθεν
1043 1067 1203 1148 εὐσεβείας
1219 1067 1257 1129 τὰ
1273 1067 1365 1153 κέρδη

124 1178 303 1238 ποιεῖσθαι.
351 1177 369 1260 ξ
394 1177 428 1239 4:
460 1171 641 1259 Ὀνομάρχῳ
665 1174 723 1256 μὲν
747 1174 833 1248 τέλος
857 1176 912 1240 τοῦ
939 1178 1009 1256 βίου
1037 1179 1179 1240 τοιοῦτον
1205 1173 1366 1262 ἐπήγαγεν

124 1281 141 1348 ὃ
166 1282 300 1365 δαίμων,
322 1283 435 1369 quibus
458 1285 555 1348 etiam
577 1280 765 1348 Onomarchi
788 1285 944 1349 somnium
966 1283 1040 1349 addi
1066 1287 1178 1370 potest,
1203 1285 1259 1352 sed
1281 1288 1309 1352 si
1332 1308 1365 1351 re

124 1413 200 1458 vera
227 1389 400 1458 Pausanias
428 1389 559 1456 Diodori
591 1396 717 1457 auctore
753 1413 826 1458 usus
858 1395 943 1458 esset
971 1395 1039 1456 tam
1067 1392 1194 1458 exiliter
1223 1394 1366 1481 nudeque

126 1498 276 1566 Phalaeci
299 1502 433 1564 mortem
454 1519 524 1564 eum
545 1503 860 1565 commemoraturum
888 1500 984 1566 inisse
1006 1501 1189 1567 incredibile
1205 1507 1263 1568 est.
1304 1503 1366 1569 Sed

126 1607 354 1694 discrepantiae
377 1606 552 1674 Pausaniae
577 1629 596 1672 a
616 1606 773 1673 Diodorea
795 1609 975 1674 narratione
998 1607 1168 1676 nonnullae
1192 1631 1253 1677 non
1276 1612 1366 1696 parvi

125 1718 277 1781 momenti
303 1717 513 1781 inueniuntur.
566 1712 705 1780 Primum
733 1717 817 1780 enim
844 1716 909 1781 iam
937 1722 1010 1802 post
1036 1715 1206 1784 Philomeli
1233 1722 1367 1784 mortem

125 1822 308 1910 Philippum
333 1843 402 1890 cum
426 1822 583 1888 Thebanis
606 1822 714 1888 foedus
738 1823 843 1888 iniisse
868 1822 1041 1890 Pausanias
1064 1831 1175 1892 contra
1195 1825 1367 1892 Diodorum

126 1931 229 2013 affert,
255 1931 365 1996 deinde
383 1929 613 1996 Onomarohum
629 1932 728 1996 asnis
745 1933 842 2017 ipsius
865 1932 1019 1999 militibus
1042 1954 1168 2000 caesum
1191 1955 1258 2000 esse
1282 1933 1367 2000 solus

124 2037 227 2106 tradit
250 2043 293 2126 (v.
313 2061 408 2127 supra
431 2061 461 2126 p.
483 2041 550 2125 15),
574 2043 642 2105 turn
658 2043 813 2106 somnium
827 2038 959 2128 Phaylli
975 2043 1015 2108 ab
1032 2042 1220 2109 Onomarchi
1236 2046 1366 2124 somnio,

125 2149 210 2236 quod
234 2148 317 2234 apud
333 2149 505 2215 Diodorum
528 2151 568 2235 (c.
587 2150 645 2234 33)
667 2148 792 2232 legitur,
817 2149 912 2235 plane
928 2149 1086 2217 diversum
1102 2171 1141 2216 ex
1157 2151 1267 2218 eodem
1282 2152 1368 2216 sonte

125 2257 251 2324 fluxisse
280 2259 334 2344 qui
356 2255 444 2322 Paok
478 2257 539 2323 sibi
573 2260 765 2344 persuaserit
792 2279 855 2324 non
879 2279 1036 2345 assequor.
1066 2257 1171 2337 -Quae
1194 2264 1262 2325 tum
1286 2259 1369 2345 apud

125 2365 318 2432 Pausaniam
345 2369 517 2452 sequuntur
544 2366 597 2432 vel
631 2367 784 2432 eiusmodi
818 2371 892 2432 sunt
919 2371 955 2432 ut
982 2367 1021 2433 de
1045 2369 1162 2450 origine
1185 2367 1265 2433 nihil
1290 2370 1368 2434 certi

126 2475 258 2540 iudicari
282 2476 383 2560 possit
405 2473 457 2539 rel
480 2474 560 2540 nihil
584 2495 654 2542 cum
678 2474 815 2541 Diodoro
839 2495 1002 2541 commune
1026 2475 1153 2542 habent.
1194 2475 1242 2542 De
1258 2474 1369 2542 Packii

126 2583 323 2670 opinionibus
347 2583 421 2670 quid
445 2582 581 2669 amplius
605 2583 737 2669 proferri
760 2584 860 2670 possit
882 2604 945 2650 non
968 2583 1073 2666 uidem
1097 2584 1323 2671 Demophilum
1349 2606 1370 2651 a

125 2692 264 2758 Diodoro
282 2692 459 2758 adhibitum
475 2712 543 2757 esse
560 2691 656 2757 nullis
672 2693 766 2757 certis
781 2690 833 2757 vel
850 2692 928 2758 adeo
944 2692 1160 2778 probabilibus
1177 2696 1369 2776 argumentis

127 2801 227 2866 evinm
256 2820 347 2887 posse
375 2800 453 2865 satis
481 2798 657 2865 luculenter
684 2799 947 2867 demonstravisse
975 2800 1054 2866 mihi
1073 2802 1190 2868 videor.
1232 2802 1369 2868 Transeo

126 2929 209 2973 nunc
237 2907 278 2972 ad
305 2906 534 2993 Volquardseni
563 2909 772 2973 coniecturam
801 2929 820 2972 a
848 2907 1014 2974 ltoesslero
1035 2914 1254 2975 sustentatam
1282 2909 1369 2996 quali

127 3016 330 3082 fundamento
364 3019 484 3082 nitatur
515 3018 689 3081 accuratius
717 3015 948 3101 inquirendam,
984 3038 1047 3104 qua
1075 3020 1107 3082 in
1136 3040 1184 3099 re,
1221 3039 1291 3085 curn
1329 3019 1369 3084 de

128 3123 263 3189 aliarum
291 3146 413 3212 quoque
438 3125 585 3204 Diodorei
613 3125 634 3190 1.
659 3124 735 3191 XVI
764 3126 903 3209 partium
930 3126 1069 3192 fontibus
1092 3125 1292 3191 iudicandum
1316 3130 1368 3208 sit,

128 3253 236 3299 omnes
260 3236 396 3300 monitos
420 3254 487 3299 esse
512 3234 598 3313 volo,
628 3236 827 3319 quaestiones
851 3255 906 3299 eas
940 3254 1018 3319 quas
1047 3236 1203 3317 attingam
1232 3255 1270 3299 ex
1298 3256 1371 3299 mea

128 3343 286 3408 sententia
309 3344 373 3407 iam
397 3343 455 3408 hoc
471 3341 539 3408 loco
556 3342 597 3407 ad
613 3343 706 3408 finem
724 3342 892 3428 perducere
907 3363 970 3408 non
985 3342 1063 3408 mihi
1079 3344 1275 3429 propositum
1291 3364 1368 3409 esse.

220 3449 360 3517 Coniecit
387 3452 435 3515 uir
464 3450 661 3517 doctissimus
672 3452 711 3534 ¹),
748 3450 851 3516 colore
884 3452 1073 3516 narrationis
1108 3471 1178 3536 cpp.
1217 3453 1369 3531 att—40,

130 3558 263 3623 56-64
287 3558 419 3624 eundem
443 3558 575 3625 indicari
599 3562 767 3639 auctorem,
793 3560 841 3623 cui
865 3560 1004 3623 narratio
1029 3561 1069 3644 (c.
1096 3560 1154 3644 78)
1178 3558 1216 3624 dc
1240 3557 1370 3624 Thrasio

128 3665 232 3732 milite
261 3666 409 3752 Delphici
435 3665 548 3752 templi
577 3666 775 3753 spoliationis
806 3668 960 3753 participe
993 3666 1172 3748 deberetur,
1208 3665 1370 3731 Timaeum

129 3774 440 3857 Tauromenitanum,
477 3796 570 3861 quem
605 3777 712 3861 paucis
746 3773 823 3839 locis
852 3775 989 3859 exceptis
1017 3777 1049 3839 in
1077 3773 1166 3839 libris
1186 3771 1370 3839 ‘XI—XVI

128 3885 254 3949 unicum
280 3864 416 3949 Diodoro
433 3883 607 3949 Sicularum
632 3904 736 3947 rerum
760 3886 918 3947 auctorem
942 3882 1038 3947 fuisse
1062 3883 1179 3947 eruisse
1203 3881 1263 3946 sibi
1287 3881 1371 3947 visus

129 3996 190 4073 est,
215 4012 309 4077 quarn
333 3994 522 4057 sententiam
539 3990 600 4056 Ad.
618 3989 750 4074 Holm2)
767 3990 886 4075 primus
902 3990 949 4054 ita
964 3991 1171 4076 impugnavit,
1195 3993 1231 4054 ut
1247 3993 1372 4075 praeter

129 4099 293 4166 Timaeum
317 4099 397 4166 alios
420 4121 541 4187 quoque
565 4100 731 4165 historicos
755 4098 929 4165 aDiodoro
952 4102 1119 4186 usurpatos
1142 4118 1209 4164 esse
1227 4096 1372 4180 diligenti

130 4210 319 4295 scriptorum
343 4209 575 4296 comparatione
600 4228 670 4275 curn
697 4209 730 4272 in
758 4207 888 4294 reliquis
916 4207 1059 4294 partibus
1087 4212 1156 4271 tum
1183 4209 1216 4271 in
1244 4226 1283 4271 ea
1309 4225 1373 4292 qua

208 4481 216 4514 1

207 4482 409 4641 ’hbeslcbgichte
423 4574 546 4629 Siciliens
565 4575 601 4627 im
616 4572 780 4638 Alterthum,
801 4536 920 4639 1⁶(1870)
940 4589 966 4639 p.
986 4569 1200 4637 arandara)
1220 4569 1372 4627 aco-382.

135 4666 173 4719 Gt.
195 4666 275 4720 etiam
294 4665 436 4730 Broeclrer,
455 4665 699 4736 Untersuchuugen
718 4664 785 4752 iiber
803 4662 911 4718 Diodor.
953 4661 1031 4717 1879.
1068 4678 1094 4731 p.
1115 4661 1147 4714 21
1169 4678 1210 4734 sq.
