3392 5300
648 455 871 522 „19..

139 636 192 706 vel
226 623 361 706 auctoris
397 640 462 705 eius
497 639 655 706 sententia
689 659 812 705 sacrum
848 637 971 704 bellum·
999 636 1222 720 sacrilegorum
1250 637 1381 703 interitu

140 747 266 813 demum
290 746 508 833 (Archidamii
538 747 576 812 of.
606 768 632 813 c.
663 749 722 828 88,
744 748 777 831 4)
813 746 935 812 linitum
959 766 1027 812 esse
1061 745 1209 829 colligere
1245 744 1380 812 audeat?

139 855 249 942 Neque
278 856 379 938 magis
407 855 569 940 probabile
599 860 661 936 est,
691 855 731 920 ab
761 859 887 920 auctore
915 860 1049 929 πίνακος
1076 854 1163 922 illius
1190 857 1223 920 in
1251 855 1381 941 reliquis

141 963 384 1046 diligentissimi,
410 984 479 1030 cum
503 963 622 1030 bellum
644 965 747 1049 ipsum
771 985 869 1050 usque
893 963 934 1029 ad
957 962 1079 1029 cladem
1091 961 1297 1031 Phocensium
1326 985 1383 1049 per

132 1071 250 1155 ¹decern
277 1091 375 1136 annos
403 1091 423 1135 a
446 1070 636 1157 Demophilo
664 1076 826 1137 narratum
853 1071 1040 1153 invenisset,
1074 1072 1129 1156 τὴν
1157 1073 1293 1158 φθορὰν
1322 1075 1383 1136 τῶν

142 1181 396 1262 διανειμαμένων
413 1180 451 1244 τὰ
467 1177 536 1266 ἱερὰ
557 1178 701 1266 χρήματα
722 1179 885 1246 undecimo
902 1201 983 1246 anno
999 1179 1185 1246 attributam
1202 1201 1282 1248 csse.
1320 1179 1383 1245 Sed

142 1308 204 1353 non
227 1286 328 1354 solum
357 1292 496 1373 tempus,
525 1307 587 1372 quo
615 1286 735 1352 bellum
758 1286 949 1374 Demophilo
977 1292 1104 1354 auctore
1133 1293 1291 1374 coeptum,
1321 1309 1382 1374 quo

141 1397 266 1462 finitum
289 1397 341 1476 sit,
366 1394 496 1462 Diodori
519 1396 623 1462 verbis
647 1395 802 1477 doeemur,
827 1396 883 1464 sed
906 1399 1004 1462 etiam
1027 1396 1115 1462 aliud
1136 1397 1212 1483 quid
1235 1396 1336 1464 adhuc
1364 1419 1384 1462 a

143 1505 219 1570 viris
243 1503 352 1584 doctis,
377 1507 412 1568 ut
436 1504 569 1586 videtur,
596 1507 720 1571 omnino
743 1504 937 1588 neglectum:
973 1505 1122 1589 Legimus
1145 1507 1238 1587 enim,
1268 1504 1384 1571 Demo

143 1612 265 1700 philum
290 1612 347 1678 suh
372 1632 453 1678 anno
480 1614 585 1695 tear
607 1633 669 1678 non
692 1613 794 1680 solum
816 1613 929 1700 templi
952 1615 1187 1700 occupationem
1211 1614 1384 1680 sedetiam

143 1719 365 1808 spoliationem
399 1723 576 1788 narravisse
588 1723 626 1805 ¹),
657 1721 739 1807 quod
765 1721 894 1788 verbum
921 1723 983 1787 nisi
1004 1719 1093 1786 Pack
1120 1722 1385 1807 praetermisisset

143 1849 314 1915 numquam
339 1829 380 1893 ad
408 1831 602 1914 coniecturas
630 1828 689 1894 sihi
717 1829 795 1915 ipsis
822 1833 1034 1915 repugnantes
1061 1829 1261 1913 confugisset.
1307 1827 1385 1894 Fra

144 1939 264 2020 gmenti
288 1939 371 2002 enim
394 1935 480 2002 illius
505 1937 546 2002 ab
569 1935 734 2003 Athenaeo
758 1935 800 2002 Vl
823 1958 854 2024 p.
880 1939 983 2002 aaut
1012 1959 1050 2002 ex
1072 1937 1193 2024 Ephori
1220 1936 1301 2002 lihro
1328 1939 1385 2002 tri-

144 2047 259 2111 cesimo
284 2047 423 2130 excerpti
431 2047 457 2130 ²)
475 2043 605 2132 (Miller
628 2045 666 2111 ir.
691 2045 721 2110 h.
746 2066 790 2128 gr.
811 2047 890 2132 155)
907 2046 1005 2112 verba
1019 2047 1066 2111 ita
1080 2046 1282 2136 interpptari
1298 2044 1385 2110 nullo

143 2150 236 2217 modo
253 2151 338 2234 licet,
356 2177 376 2218 u
406 2173 477 2220 cum
493 2156 607 2220 notitia
622 2153 681 2219 illa
696 2154 734 2220 de
747 2153 937 2240 Demophilo
953 2177 974 2220 a
984 2153 1121 2221 Diodoro
1138 2153 1257 2219 tradita
1270 2156 1339 2240 (14,
1353 2155 1385 2239 3)

144 2264 177 2326 et
205 2281 275 2326 cum
303 2260 433 2326 Diodori
462 2263 559 2347 ipsius
592 2262 772 2328 narratione
807 2265 983 2330 consentire
1017 2263 1193 2329 videantur.
1244 2259 1386 2326 Primum

144 2370 239 2450 enim,
268 2370 295 2434 si
320 2367 532 2436 Onomarehus
555 2368 710 2456 Phayllus
732 2368 909 2438 Phalaecus
932 2373 1038 2437 omnia
1065 2375 1099 2436 et
1120 2367 1319 2455 ἄνανὴματα
1354 2373 1387 2434 et

145 2473 290 2563 χρήματα
318 2498 335 2543 ο
362 2477 483 2563 templo
512 2477 680 2544 abstulisse
709 2478 900 2560 dicerentur,
935 2476 1142 2544 Philomelus
1159 2479 1255 2561 igitur
1286 2494 1387 2562 neque

145 2585 293 2672 pecunias
320 2604 421 2672 neque
450 2584 531 2652 dona
559 2607 649 2655 sacra
676 2586 828 2674 spoliasse
858 2586 1136 2673 significaretufi),
1161 2590 1194 2652 et
1222 2606 1249 2652 ο.
1281 2587 1336 2666 14,
1359 2592 1386 2664 3,

145 2692 228 2779 quod
252 2694 473 2775 gravissimum
498 2698 556 2777 est,
581 2699 615 2761 et
637 2715 663 2761 ο.
690 2698 732 2761 30
757 2697 831 2783 (61)
856 2695 954 2762 verba
975 2694 1227 2782 obloquerentur.
1267 2693 1388 2759 Deinde

146 2804 174 2867 si
199 2801 237 2863 rol
261 2796 395 2864 ἅπαντα
419 2802 466 2867 ita
486 2804 709 2889 percipiuntur,
734 2810 769 2869 ut
789 2800 990 2888 ἀναθήματα
1006 2802 1233 2869 subaudiantur
1249 2840 1290 2849 -
1307 2820 1388 2886 quae

147 2910 367 2994 interpretatio
384 2908 454 2974 sola
468 2912 556 2975 recta
571 2910 649 2977 mihi
665 2910 802 2993 videtur3
820 2912 957 2997 primum
968 2912 1052 2975 enim
1063 2930 1144 2996 quae
1160 2910 1390 2994 subsequuntur

147 3016 244 3083 verba
266 3015 305 3082 de
329 3015 394 3081 alia
417 3038 450 3082 re
474 3021 569 3102 atque
592 3016 802 3103 ἀναθήμασιν
824 3018 963 3100 cogitare
984 3037 1041 3083 nos
1057 3021 1181 3083 vetant:
1205 3016 1286 3081 nihil
1302 3014 1389 3081 aliud

147 3122 356 3210 Demophilus
384 3122 464 3189 dixit
495 3144 576 3203 „non
610 3124 713 3191 solum
742 3124 970 3205 OnomarchuS,
1006 3124 1176 3209 Phayllus‚
1212 3123 1388 3189 Phalaecus

147 3234 253 3297 omnia
274 3228 474 3317 ἀναθήματα
497 3231 706 3314 abstulerunt,
731 3231 787 3298 sed
803 3234 901 3299 etiam
916 3233 1063 3315 coniuges
1078 3252 1186 3297 eorum
1201 3251 1292 3297 sacra
1307 3230 1389 3295 dona

147 3341 353 3423 attigerunt«,
378 3337 489 3405 deiude
513 3338 572 3407 hae
593 3339 663 3407 sola
678 3342 938 3427 interpretatione
953 3341 1097 3423 efficitur,
1122 3344 1158 3405 ut
1174 3338 1280 3424 aliquo
1296 3337 1388 3403 modo

150 3438 323 3531 fragmenti
356 3447 453 3512 verba
476 3468 546 3513 cum
576 3446 706 3513 Diodori
735 3450 808 3533 (14,
830 3450 863 3533 3)
897 3449 1012 3514 notitia
1046 3450 1226 3529 congruant.
1278 3444 1389 3530 ltaque

147 3553 337 3642 Demophilo
351 3560 476 3623 auctore
497 3554 692 3621 Philomelus
717 3556 755 3619 aa
779 3554 848 3641 ἱερὰ
871 3553 1018 3641 mpura
1041 3554 1194 3641 spoliasse
1217 3551 1342 3619 videtur
1350 3554 1386 3636 ⁴).

224 3754 244 3823 ¹)
265 3758 454 3825 Volquardsen
478 3774 504 3825 p.
531 3757 546 3807 7
571 3758 599 3809 in
621 3756 730 3810 Diodori
752 3756 893 3809 verborum
913 3756 1084 3808 conversione
1103 3772 1188 3809 unum
1207 3756 1258 3807 hoc
1277 3754 1389 3806 verbum

151 3847 316 3918 ,αυλήαεως“
343 3848 538 3914 praetermisit,
563 3845 636 3899 Paclr
657 3846 766 3898 Diodori
791 3845 871 3898 rerba
890 3846 1037 3898 rectissime
1056 3845 1085 3898 in
1105 3848 1260 3898 contextum
1279 3844 1388 3911 recepit,

147 3939 194 3993 sed
215 3938 349 4008 αυλήσεως
368 3938 441 3991 verbi
460 3938 564 3988 nullam
584 3936 681 3989 habuit
700 3936 839 3988 rationem.
923 3923 925 3927 ⁸

221 4029 252 4080 ln
272 4026 365 4082 eodem
387 4026 495 4080 Diodori
514 4029 572 4079 loco
594 4026 717 4089 affertur,
737 4026 931 4079 Callisthenem
950 4025 1089 4079 Hellenica
1108 4041 1158 4078 sua
1176 4025 1211 4078 ad
1230 4026 1325 4092 templi
1346 4041 1389 4077 oc·

148 4119 321 4187 eupationem
342 4122 370 4171 et
388 4117 578 4185 spoliationem
597 4115 754 4185 perduxisse
774 4143 807 4151 -
827 4133 890 4169 nam
912 4116 989 4170 aliud
1012 4118 1030 4186 ἡ
1056 4117 1206 4185 παρανομία
1229 4132 1283 4168 non
1308 4116 1390 4183 signi·

147 4210 216 4263 iicet
235 4211 279 4266 cll.
301 4209 343 4273 el,
361 4226 371 4263 1
392 4234 435 4272 -,
455 4208 576 4275 Diyllum
595 4224 612 4259 a
631 4208 724 4275 templi
744 4208 907 4275 spoliatione
925 4208 1075 4274 proiectum
1095 4222 1159 4261 esse.

220 4298 248 4365 2)
266 4296 429 4371 Ὀνόμαρχος
446 4299 488 4351 καὶ
509 4297 627 4359 Φάυλλος
645 4298 686 4352 καλ
708 4296 836 4359 Φάλαικος
855 4299 887 4351 οὐ
907 4297 987 4361 μόνον
1006 4297 1106 4349 ἅπαντα
1124 4296 1157 4350 τὰ
1177 4301 1225 4349 τοῦ
1245 4297 1313 4349 θεοῦ
1333 4296 1392 4357 ἐξε-

147 4392 266 4456 κόμισαν,
286 4390 354 4443 ἀλλὰ
374 4390 570 4442 τὸτελευταῖον
589 4391 618 4441 αἱ
634 4393 752 4456 γυναῖκες
771 4387 858 4441 αὐτῶν
875 4388 929 4441 κτλ.
1346 4459 1348 4464 Ι

222 4478 244 4544 ⁸)
267 4480 338 4535 Pack
357 4498 383 4547 p.
406 4479 456 4533 196
471 4480 655 4541 ,Philomelus
675 4478 740 4531 wird
759 4482 816 4533 also
836 4478 1028 4532 ausdrdclrlioh
1047 4493 1107 4531 vom
1120 4477 1314 4545 Tempehaube
1326 4493 1387 4530 aus—

148 4586 316 4641 genommen‚
336 4570 533 4637 entsprechend
552 4585 573 4622 c.
596 4568 662 4623 56⁶⁴!

221 4656 243 4725 ⁴)
262 4661 390 4727 Polyaen.
411 4661 442 4723 V,
462 4661 512 4715 46:
541 4665 594 4721 τοῖς
613 4662 694 4729 ἱεροῖς
707 4660 841 4731 χρήμασιν
860 4660 954 4729 ἀνέδην
973 4659 1172 4731 ἀποχρώμενος.

1139 4764 1176 4819 2.
