<?xml version="1.0" encoding="UTF-8"?>
<!DOCTYPE html PUBLIC "-//W3C//DTD XHTML 1.0 Transitional//EN"
    "http://www.w3.org/TR/xhtml1/DTD/xhtml1-transitional.dtd">
<html xmlns="http://www.w3.org/1999/xhtml" xml:lang="en" lang="en">
 <head>
  <title>
</title>
<meta http-equiv="Content-Type" content="text/html;charset=utf-8" />
  <meta name='ocr-system' content='tesseract 3.04.00' />
  <meta name='ocr-capabilities' content='ocr_page ocr_carea ocr_par ocr_line ocrx_word'/>
</head>
<body>
  <div class='ocr_page' id='page_1' title='image "./defontibusdemos02sturgoog_0066.png"; bbox 0 0 3392 5300; ppageno 0'>
   <div class='ocr_carea' id='block_1_1' title="bbox 851 448 1074 526">
    <p class='ocr_par' dir='ltr' id='par_1_1' title="bbox 851 448 1074 526">
     <span class='ocr_line' id='line_1_1' title="bbox 851 448 1074 526; baseline 0 -17"><span class='ocrx_word' id='word_1_1' title='bbox 851 448 1074 526; x_wconf 61' lang='lat'>..-62-</span> 
     </span>
    </p>
   </div>
   <div class='ocr_carea' id='block_1_2' title="bbox 341 638 1646 1054">
    <p class='ocr_par' dir='ltr' id='par_1_2' title="bbox 341 638 1646 1054">
     <span class='ocr_line' id='line_1_2' title="bbox 341 638 1646 733; baseline -0.001 -25"><span class='ocrx_word' id='word_1_2' title='bbox 341 663 455 730; x_wconf 91' lang='lat' dir='ltr'>pompo</span> <span class='ocrx_word' id='word_1_3' title='bbox 473 644 519 728; x_wconf 84' lang='lat'>(4,</span> <span class='ocrx_word' id='word_1_4' title='bbox 538 644 605 728; x_wconf 85' lang='lat'>13),</span> <span class='ocrx_word' id='word_1_5' title='bbox 630 639 794 708; x_wconf 75' lang='lat' dir='ltr'><strong>Demetrio</strong></span> <span class='ocrx_word' id='word_1_6' title='bbox 810 640 966 708; x_wconf 88' lang='lat' dir='ltr'>Phalereo</span> <span class='ocrx_word' id='word_1_7' title='bbox 983 643 1045 730; x_wconf 85' lang='lat'>(9),</span> <span class='ocrx_word' id='word_1_8' title='bbox 1070 639 1280 708; x_wconf 73' lang='lat' dir='ltr'>Eratosthene</span> <span class='ocrx_word' id='word_1_9' title='bbox 1297 641 1344 730; x_wconf 88' lang='grc'>(0,</span> <span class='ocrx_word' id='word_1_10' title='bbox 1362 639 1431 728; x_wconf 87' lang='grc'>30),</span> <span class='ocrx_word' id='word_1_11' title='bbox 1454 638 1581 710; x_wconf 88' lang='lat' dir='ltr'>comicis</span> <span class='ocrx_word' id='word_1_12' title='bbox 1645 730 1646 733; x_wconf 8' lang='grc' dir='ltr'><strong>Ἴ</strong></span> 
     </span>
     <span class='ocr_line' id='line_1_3' title="bbox 341 747 1646 838; baseline -0.002 -21"><span class='ocrx_word' id='word_1_13' title='bbox 341 749 443 838; x_wconf 85' lang='lat' dir='ltr'>poetis</span> <span class='ocrx_word' id='word_1_14' title='bbox 468 753 535 838; x_wconf 87' lang='lat'>(9),</span> <span class='ocrx_word' id='word_1_15' title='bbox 564 750 712 817; x_wconf 78' lang='lat' dir='ltr'><strong>Aristone</strong></span> <span class='ocrx_word' id='word_1_16' title='bbox 738 747 800 816; x_wconf 83' lang='lat' dir='ltr'>Ceo</span> <span class='ocrx_word' id='word_1_17' title='bbox 825 754 899 838; x_wconf 92' lang='grc'>(10,</span> <span class='ocrx_word' id='word_1_18' title='bbox 931 752 1004 836; x_wconf 91' lang='grc'>30),</span> <span class='ocrx_word' id='word_1_19' title='bbox 1034 749 1216 837; x_wconf 80' lang='lat' dir='ltr'>Phylarcho</span> <span class='ocrx_word' id='word_1_20' title='bbox 1239 752 1329 838; x_wconf 80' lang='lat'>(27),</span> <span class='ocrx_word' id='word_1_21' title='bbox 1354 751 1470 836; x_wconf 84' lang='lat' dir='ltr'>Satyro</span> <span class='ocrx_word' id='word_1_22' title='bbox 1495 752 1581 838; x_wconf 80' lang='lat'>(29),</span> <span class='ocrx_word' id='word_1_23' title='bbox 1645 784 1646 787; x_wconf 17' lang='grc' dir='ltr'><strong><em>π</em></strong></span> 
     </span>
     <span class='ocr_line' id='line_1_4' title="bbox 341 858 1646 946; baseline -0.002 -21"><span class='ocrx_word' id='word_1_24' title='bbox 341 858 538 926; x_wconf 79' lang='lat' dir='ltr'>Demochare</span> <span class='ocrx_word' id='word_1_25' title='bbox 563 862 636 946; x_wconf 86' lang='lat'>(30)</span> <span class='ocrx_word' id='word_1_26' title='bbox 661 858 763 941; x_wconf 85' lang='lat' dir='ltr'>affert,</span> <span class='ocrx_word' id='word_1_27' title='bbox 788 859 853 924; x_wconf 90' lang='lat' dir='ltr'>iam</span> <span class='ocrx_word' id='word_1_28' title='bbox 876 862 910 925; x_wconf 93' lang='lat' dir='ltr'>in</span> <span class='ocrx_word' id='word_1_29' title='bbox 932 859 1019 925; x_wconf 86' lang='lat' dir='ltr'>fonte</span> <span class='ocrx_word' id='word_1_30' title='bbox 1041 880 1097 926; x_wconf 91' lang='lat' dir='ltr'>suo</span> <span class='ocrx_word' id='word_1_31' title='bbox 1121 861 1276 926; x_wconf 88' lang='lat' dir='ltr'>iuvenisse</span> <span class='ocrx_word' id='word_1_32' title='bbox 1299 859 1378 924; x_wconf 89' lang='lat' dir='ltr'>milri</span> <span class='ocrx_word' id='word_1_33' title='bbox 1398 879 1582 946; x_wconf 88' lang='lat' dir='ltr'>persuasum</span> <span class='ocrx_word' id='word_1_34' title='bbox 1645 890 1646 895; x_wconf 40' lang='lat'>1</span> 
     </span>
     <span class='ocr_line' id='line_1_5' title="bbox 342 955 1579 1054; baseline 0 -22"><span class='ocrx_word' id='word_1_35' title='bbox 342 972 404 1050; x_wconf 83' lang='lat' dir='ltr'>est3</span> <span class='ocrx_word' id='word_1_36' title='bbox 430 968 468 1033; x_wconf 91' lang='lat' dir='ltr'>de</span> <span class='ocrx_word' id='word_1_37' title='bbox 492 967 622 1054; x_wconf 87' lang='lat' dir='ltr'>reliquis</span> <span class='ocrx_word' id='word_1_38' title='bbox 642 955 800 1032; x_wconf 58' lang='lat' dir='ltr'>&#39;eiusmodi</span> <span class='ocrx_word' id='word_1_39' title='bbox 822 966 901 1033; x_wconf 91' lang='lat' dir='ltr'>locis</span> <span class='ocrx_word' id='word_1_40' title='bbox 924 971 992 1032; x_wconf 90' lang='lat' dir='ltr'>tam</span> <span class='ocrx_word' id='word_1_41' title='bbox 1016 967 1207 1034; x_wconf 86' lang='lat' dir='ltr'>confidenter</span> <span class='ocrx_word' id='word_1_42' title='bbox 1230 967 1367 1034; x_wconf 88' lang='lat' dir='ltr'>iudicare</span> <span class='ocrx_word' id='word_1_43' title='bbox 1390 989 1453 1032; x_wconf 91' lang='lat' dir='ltr'>non</span> <span class='ocrx_word' id='word_1_44' title='bbox 1471 967 1579 1033; x_wconf 79' lang='lat' dir='ltr'>audeo,</span> 
     </span>
    </p>
   </div>
   <div class='ocr_carea' id='block_1_3' title="bbox 341 1073 1646 4519">
    <p class='ocr_par' dir='ltr' id='par_1_3' title="bbox 341 1073 1646 4412">
     <span class='ocr_line' id='line_1_6' title="bbox 341 1073 1583 1163; baseline -0.001 -22"><span class='ocrx_word' id='word_1_45' title='bbox 341 1075 525 1162; x_wconf 84' lang='lat' dir='ltr'>Hermippo,</span> <span class='ocrx_word' id='word_1_46' title='bbox 545 1095 737 1162; x_wconf 90' lang='lat' dir='ltr'>quamquam</span> <span class='ocrx_word' id='word_1_47' title='bbox 754 1095 816 1141; x_wconf 91' lang='lat' dir='ltr'>non</span> <span class='ocrx_word' id='word_1_48' title='bbox 828 1077 941 1159; x_wconf 81' lang='lat' dir='ltr'>exigua</span> <span class='ocrx_word' id='word_1_49' title='bbox 951 1073 1044 1142; x_wconf 92' lang='lat' dir='ltr'>huius</span> <span class='ocrx_word' id='word_1_50' title='bbox 1056 1075 1219 1142; x_wconf 77' lang='lat' dir='ltr'>relationis</span> <span class='ocrx_word' id='word_1_51' title='bbox 1231 1095 1305 1163; x_wconf 90' lang='lat' dir='ltr'>pars</span> <span class='ocrx_word' id='word_1_52' title='bbox 1317 1075 1457 1158; x_wconf 91' lang='lat' dir='ltr'>debetur,</span> <span class='ocrx_word' id='word_1_53' title='bbox 1474 1080 1583 1141; x_wconf 89' lang='lat' dir='ltr'>tamen</span> 
     </span>
     <span class='ocr_line' id='line_1_7' title="bbox 341 1173 1581 1272; baseline -0.002 -22"><span class='ocrx_word' id='word_1_54' title='bbox 341 1206 421 1272; x_wconf 89' lang='lat' dir='ltr'>quae</span> <span class='ocrx_word' id='word_1_55' title='bbox 450 1183 574 1268; x_wconf 84' lang='lat' dir='ltr'>singula</span> <span class='ocrx_word' id='word_1_56' title='bbox 603 1187 729 1271; x_wconf 89' lang='lat' dir='ltr'>praeter</span> <span class='ocrx_word' id='word_1_57' title='bbox 756 1173 842 1250; x_wconf 85' lang='lat' dir='ltr'>locos</span> <span class='ocrx_word' id='word_1_58' title='bbox 871 1205 967 1271; x_wconf 90' lang='lat' dir='ltr'>supra</span> <span class='ocrx_word' id='word_1_59' title='bbox 993 1188 1120 1250; x_wconf 89' lang='lat' dir='ltr'>notatos</span> <span class='ocrx_word' id='word_1_60' title='bbox 1149 1183 1190 1250; x_wconf 91' lang='lat' dir='ltr'>ad</span> <span class='ocrx_word' id='word_1_61' title='bbox 1219 1205 1290 1250; x_wconf 89' lang='lat' dir='ltr'>eum</span> <span class='ocrx_word' id='word_1_62' title='bbox 1318 1183 1482 1250; x_wconf 79' lang='lat' dir='ltr'>reserenda</span> <span class='ocrx_word' id='word_1_63' title='bbox 1506 1185 1581 1266; x_wconf 91' lang='lat' dir='ltr'>sint,</span> 
     </span>
     <span class='ocr_line' id='line_1_8' title="bbox 342 1287 1583 1383; baseline 0 -25"><span class='ocrx_word' id='word_1_64' title='bbox 342 1291 470 1359; x_wconf 86' lang='lat' dir='ltr'>difficile</span> <span class='ocrx_word' id='word_1_65' title='bbox 495 1287 581 1358; x_wconf 87' lang='lat' dir='ltr'>dictu</span> <span class='ocrx_word' id='word_1_66' title='bbox 604 1296 667 1375; x_wconf 83' lang='lat' dir='ltr'>est3</span> <span class='ocrx_word' id='word_1_67' title='bbox 697 1297 782 1358; x_wconf 89' lang='lat' dir='ltr'>certe</span> <span class='ocrx_word' id='word_1_68' title='bbox 809 1295 842 1358; x_wconf 94' lang='lat' dir='ltr'>in</span> <span class='ocrx_word' id='word_1_69' title='bbox 870 1313 896 1359; x_wconf 93' lang='lat' dir='ltr'>c.</span> <span class='ocrx_word' id='word_1_70' title='bbox 910 1297 942 1383; x_wconf 78' lang='lat' dir='ltr'>b</span> <span class='ocrx_word' id='word_1_71' title='bbox 971 1292 1052 1359; x_wconf 90' lang='lat' dir='ltr'>nihil</span> <span class='ocrx_word' id='word_1_72' title='bbox 1080 1295 1140 1360; x_wconf 91' lang='lat' dir='ltr'>nisi</span> <span class='ocrx_word' id='word_1_73' title='bbox 1161 1310 1226 1360; x_wconf 74' lang='lat' dir='ltr'>&#39;eae</span> <span class='ocrx_word' id='word_1_74' title='bbox 1247 1305 1334 1380; x_wconf 81' lang='lat' dir='ltr'>&#39;quae</span> <span class='ocrx_word' id='word_1_75' title='bbox 1363 1294 1488 1359; x_wconf 90' lang='lat' dir='ltr'>nomine</span> <span class='ocrx_word' id='word_1_76' title='bbox 1517 1293 1583 1358; x_wconf 90' lang='lat' dir='ltr'>eius</span> 
     </span>
     <span class='ocr_line' id='line_1_9' title="bbox 342 1394 1581 1489; baseline -0.002 -24"><span class='ocrx_word' id='word_1_77' title='bbox 342 1401 450 1467; x_wconf 89' lang='lat' dir='ltr'>addito</span> <span class='ocrx_word' id='word_1_78' title='bbox 478 1401 585 1466; x_wconf 88' lang='lat' dir='ltr'>insunt</span> <span class='ocrx_word' id='word_1_79' title='bbox 600 1402 745 1466; x_wconf 87' lang='lat' dir='ltr'>&#39;notitiae</span> <span class='ocrx_word' id='word_1_80' title='bbox 774 1400 814 1467; x_wconf 90' lang='lat' dir='ltr'>ad</span> <span class='ocrx_word' id='word_1_81' title='bbox 842 1394 1180 1488; x_wconf 66' lang='lat' dir='ltr'>Hermippum&#39;redire</span> <span class='ocrx_word' id='word_1_82' title='bbox 1209 1401 1347 1484; x_wconf 82' lang='lat' dir='ltr'>videtur3</span> <span class='ocrx_word' id='word_1_83' title='bbox 1377 1423 1446 1489; x_wconf 49' lang='lat' dir='ltr'>per&lt;</span> <span class='ocrx_word' id='word_1_84' title='bbox 1461 1421 1530 1488; x_wconf 88' lang='lat' dir='ltr'>epp.</span> <span class='ocrx_word' id='word_1_85' title='bbox 1562 1402 1581 1463; x_wconf 80' lang='lat'>7</span> 
     </span>
     <span class='ocr_line' id='line_1_10' title="bbox 343 1506 1646 1597; baseline -0.001 -23"><span class='ocrx_word' id='word_1_86' title='bbox 343 1513 376 1574; x_wconf 91' lang='lat' dir='ltr'>et</span> <span class='ocrx_word' id='word_1_87' title='bbox 393 1512 412 1575; x_wconf 90' lang='lat'>8</span> <span class='ocrx_word' id='word_1_88' title='bbox 437 1511 572 1593; x_wconf 85' lang='lat' dir='ltr'>vestigia</span> <span class='ocrx_word' id='word_1_89' title='bbox 596 1511 662 1575; x_wconf 91' lang='lat' dir='ltr'>eius</span> <span class='ocrx_word' id='word_1_90' title='bbox 686 1513 798 1597; x_wconf 89' lang='lat' dir='ltr'>aperte</span> <span class='ocrx_word' id='word_1_91' title='bbox 811 1511 957 1576; x_wconf 81' lang='lat' dir='ltr'>emicant,</span> <span class='ocrx_word' id='word_1_92' title='bbox 997 1509 1036 1576; x_wconf 92' lang='lat' dir='ltr'>In</span> <span class='ocrx_word' id='word_1_93' title='bbox 1051 1515 1193 1576; x_wconf 89' lang='lat' dir='ltr'>extrema</span> <span class='ocrx_word' id='word_1_94' title='bbox 1208 1512 1293 1577; x_wconf 86' lang='lat' dir='ltr'>vitae</span> <span class='ocrx_word' id='word_1_95' title='bbox 1309 1514 1401 1596; x_wconf 89' lang='lat' dir='ltr'>parte</span> <span class='ocrx_word' id='word_1_96' title='bbox 1418 1510 1583 1597; x_wconf 75' lang='lat' dir='ltr'>(as-31)</span> <span class='ocrx_word' id='word_1_97' title='bbox 1645 1506 1646 1525; x_wconf 80' lang='lat'>³</span> 
     </span>
     <span class='ocr_line' id='line_1_11' title="bbox 343 1615 1646 1706; baseline 0 -24"><span class='ocrx_word' id='word_1_98' title='bbox 343 1615 491 1683; x_wconf 85' lang='lat' dir='ltr'>Gebhard</span> <span class='ocrx_word' id='word_1_99' title='bbox 515 1640 545 1706; x_wconf 90' lang='lat' dir='ltr'>p.</span> <span class='ocrx_word' id='word_1_100' title='bbox 572 1621 615 1683; x_wconf 93' lang='grc'>34</span> <span class='ocrx_word' id='word_1_101' title='bbox 631 1616 762 1684; x_wconf 90' lang='lat' dir='ltr'>Reussio</span> <span class='ocrx_word' id='word_1_102' title='bbox 787 1621 914 1684; x_wconf 87' lang='lat' dir='ltr'>auctore</span> <span class='ocrx_word' id='word_1_103' title='bbox 939 1617 1040 1704; x_wconf 84' lang='lat' dir='ltr'>(Hier.</span> <span class='ocrx_word' id='word_1_104' title='bbox 1066 1639 1095 1684; x_wconf 92' lang='lat' dir='ltr'>v.</span> <span class='ocrx_word' id='word_1_105' title='bbox 1113 1617 1233 1684; x_wconf 83' lang='lat' dir='ltr'>Kardia</span> <span class='ocrx_word' id='word_1_106' title='bbox 1257 1620 1359 1704; x_wconf 79' lang='grc'>1876)</span> <span class='ocrx_word' id='word_1_107' title='bbox 1375 1616 1585 1684; x_wconf 88' lang='lat' dir='ltr'>Philochorea</span> <span class='ocrx_word' id='word_1_108' title='bbox 1645 1658 1646 1661; x_wconf 59' lang='lat'><em>=</em></span> 
     </span>
     <span class='ocr_line' id='line_1_12' title="bbox 343 1724 1583 1814; baseline -0.001 -23"><span class='ocrx_word' id='word_1_109' title='bbox 343 1729 384 1812; x_wconf 92' lang='lat' dir='ltr'>(c.</span> <span class='ocrx_word' id='word_1_110' title='bbox 411 1729 453 1792; x_wconf 79' lang='grc'>38</span> <span class='ocrx_word' id='word_1_111' title='bbox 478 1730 511 1792; x_wconf 88' lang='lat' dir='ltr'>et</span> <span class='ocrx_word' id='word_1_112' title='bbox 535 1729 574 1792; x_wconf 87' lang='grc'>31</span> <span class='ocrx_word' id='word_1_113' title='bbox 602 1724 640 1791; x_wconf 89' lang='lat' dir='ltr'>de</span> <span class='ocrx_word' id='word_1_114' title='bbox 664 1725 821 1812; x_wconf 87' lang='lat' dir='ltr'>Demade)</span> <span class='ocrx_word' id='word_1_115' title='bbox 845 1746 902 1814; x_wconf 90' lang='lat' dir='ltr'>per</span> <span class='ocrx_word' id='word_1_116' title='bbox 924 1725 1132 1814; x_wconf 88' lang='lat' dir='ltr'>Hermippum</span> <span class='ocrx_word' id='word_1_117' title='bbox 1162 1725 1202 1792; x_wconf 93' lang='lat' dir='ltr'>ad</span> <span class='ocrx_word' id='word_1_118' title='bbox 1225 1725 1433 1794; x_wconf 83' lang='lat' dir='ltr'>Plutarchum</span> <span class='ocrx_word' id='word_1_119' title='bbox 1460 1727 1583 1792; x_wconf 85' lang='lat' dir='ltr'>venisse</span> 
     </span>
     <span class='ocr_line' id='line_1_13' title="bbox 343 1833 1584 1918; baseline 0 -18"><span class='ocrx_word' id='word_1_120' title='bbox 343 1836 465 1901; x_wconf 85' lang='lat' dir='ltr'>statuit.</span> <span class='ocrx_word' id='word_1_121' title='bbox 518 1833 581 1901; x_wconf 83' lang='lat' dir='ltr'>Res</span> <span class='ocrx_word' id='word_1_122' title='bbox 609 1838 681 1900; x_wconf 88' lang='lat' dir='ltr'>utut</span> <span class='ocrx_word' id='word_1_123' title='bbox 710 1838 773 1916; x_wconf 88' lang='lat' dir='ltr'>est,</span> <span class='ocrx_word' id='word_1_124' title='bbox 803 1838 913 1901; x_wconf 83' lang='lat' dir='ltr'>auctor</span> <span class='ocrx_word' id='word_1_125' title='bbox 938 1833 1102 1901; x_wconf 83' lang='lat' dir='ltr'>Plutarchi</span> <span class='ocrx_word' id='word_1_126' title='bbox 1132 1839 1215 1901; x_wconf 86' lang='lat' dir='ltr'>certe</span> <span class='ocrx_word' id='word_1_127' title='bbox 1243 1834 1399 1901; x_wconf 89' lang='lat' dir='ltr'>Demetrii</span> <span class='ocrx_word' id='word_1_128' title='bbox 1425 1833 1584 1918; x_wconf 83' lang='lat' dir='ltr'>Magnetis</span> 
     </span>
     <span class='ocr_line' id='line_1_14' title="bbox 344 1934 1646 2029; baseline 0 -22"><span class='ocrx_word' id='word_1_129' title='bbox 344 1947 450 2009; x_wconf 88' lang='lat' dir='ltr'>aetate</span> <span class='ocrx_word' id='word_1_130' title='bbox 473 1943 601 2008; x_wconf 83' lang='lat' dir='ltr'>inferior</span> <span class='ocrx_word' id='word_1_131' title='bbox 624 1943 720 2008; x_wconf 83' lang='lat' dir='ltr'>fuisse</span> <span class='ocrx_word' id='word_1_132' title='bbox 744 1941 971 2008; x_wconf 83' lang='lat' dir='ltr'>existimandus</span> <span class='ocrx_word' id='word_1_133' title='bbox 994 1946 1045 2008; x_wconf 89' lang='lat' dir='ltr'>est</span> <span class='ocrx_word' id='word_1_134' title='bbox 1068 1945 1108 2029; x_wconf 91' lang='lat' dir='ltr'>(c.</span> <span class='ocrx_word' id='word_1_135' title='bbox 1129 1945 1193 2025; x_wconf 69' lang='lat'>283</span> <span class='ocrx_word' id='word_1_136' title='bbox 1224 1945 1282 2029; x_wconf 92' lang='grc'>30)</span> <span class='ocrx_word' id='word_1_137' title='bbox 1294 1944 1328 2029; x_wconf 88' lang='lat'>¹).</span> <span class='ocrx_word' id='word_1_138' title='bbox 1376 1942 1429 2009; x_wconf 83' lang='lat' dir='ltr'>Ad</span> <span class='ocrx_word' id='word_1_139' title='bbox 1451 1939 1583 2008; x_wconf 87' lang='lat' dir='ltr'>eandem</span> <span class='ocrx_word' id='word_1_140' title='bbox 1645 1934 1646 1937; x_wconf 48' lang='lat'>&#39;</span> 
     </span>
     <span class='ocr_line' id='line_1_15' title="bbox 345 2049 1585 2138; baseline -0.001 -21"><span class='ocrx_word' id='word_1_141' title='bbox 345 2052 535 2118; x_wconf 86' lang='lat' dir='ltr'>sententiam</span> <span class='ocrx_word' id='word_1_142' title='bbox 559 2071 583 2117; x_wconf 92' lang='grc' dir='ltr'>ο.</span> <span class='ocrx_word' id='word_1_143' title='bbox 612 2053 652 2116; x_wconf 83' lang='grc'>15</span> <span class='ocrx_word' id='word_1_144' title='bbox 678 2049 827 2133; x_wconf 81' lang='lat' dir='ltr'>ducimur,</span> <span class='ocrx_word' id='word_1_145' title='bbox 851 2050 936 2138; x_wconf 87' lang='lat' dir='ltr'>quod</span> <span class='ocrx_word' id='word_1_146' title='bbox 959 2072 1023 2116; x_wconf 91' lang='lat' dir='ltr'>una</span> <span class='ocrx_word' id='word_1_147' title='bbox 1046 2071 1116 2117; x_wconf 88' lang='lat' dir='ltr'>eum</span> <span class='ocrx_word' id='word_1_148' title='bbox 1139 2051 1270 2138; x_wconf 89' lang='lat' dir='ltr'>reliquis</span> <span class='ocrx_word' id='word_1_149' title='bbox 1290 2053 1403 2138; x_wconf 90' lang='lat' dir='ltr'>prioris</span> <span class='ocrx_word' id='word_1_150' title='bbox 1419 2051 1585 2117; x_wconf 85' lang='lat' dir='ltr'>relationis</span> 
     </span>
     <span class='ocr_line' id='line_1_16' title="bbox 342 2159 1585 2246; baseline 0.002 -22"><span class='ocrx_word' id='word_1_151' title='bbox 342 2160 486 2246; x_wconf 90' lang='lat' dir='ltr'>partibus</span> <span class='ocrx_word' id='word_1_152' title='bbox 510 2159 551 2225; x_wconf 93' lang='lat' dir='ltr'>ad</span> <span class='ocrx_word' id='word_1_153' title='bbox 574 2181 669 2225; x_wconf 90' lang='lat' dir='ltr'>unum</span> <span class='ocrx_word' id='word_1_154' title='bbox 694 2159 888 2245; x_wconf 90' lang='lat' dir='ltr'>eundemque</span> <span class='ocrx_word' id='word_1_155' title='bbox 912 2164 1082 2226; x_wconf 85' lang='lat' dir='ltr'>auctorem</span> <span class='ocrx_word' id='word_1_156' title='bbox 1095 2159 1292 2227; x_wconf 86' lang='lat' dir='ltr'>referendum</span> <span class='ocrx_word' id='word_1_157' title='bbox 1316 2181 1385 2226; x_wconf 86' lang='lat' dir='ltr'>esse</span> <span class='ocrx_word' id='word_1_158' title='bbox 1407 2161 1486 2225; x_wconf 88' lang='lat' dir='ltr'>mihi</span> <span class='ocrx_word' id='word_1_159' title='bbox 1512 2179 1585 2226; x_wconf 91' lang='lat' dir='ltr'>con·</span> 
     </span>
     <span class='ocr_line' id='line_1_17' title="bbox 343 2266 1585 2356; baseline 0.001 -24"><span class='ocrx_word' id='word_1_160' title='bbox 343 2271 418 2348; x_wconf 86' lang='lat' dir='ltr'>stat,</span> <span class='ocrx_word' id='word_1_161' title='bbox 444 2269 498 2354; x_wconf 88' lang='lat' dir='ltr'>qui</span> <span class='ocrx_word' id='word_1_162' title='bbox 521 2268 715 2334; x_wconf 89' lang='lat' dir='ltr'>orationibus</span> <span class='ocrx_word' id='word_1_163' title='bbox 737 2288 800 2333; x_wconf 93' lang='lat' dir='ltr'>non</span> <span class='ocrx_word' id='word_1_164' title='bbox 824 2266 928 2333; x_wconf 87' lang='lat' dir='ltr'>solum</span> <span class='ocrx_word' id='word_1_165' title='bbox 950 2271 986 2332; x_wconf 91' lang='lat' dir='ltr'>ut</span> <span class='ocrx_word' id='word_1_166' title='bbox 1006 2269 1107 2334; x_wconf 87' lang='lat' dir='ltr'>vitam</span> <span class='ocrx_word' id='word_1_167' title='bbox 1122 2288 1287 2354; x_wconf 89' lang='lat' dir='ltr'>moresque</span> <span class='ocrx_word' id='word_1_168' title='bbox 1302 2270 1503 2356; x_wconf 86' lang='lat' dir='ltr'>perspiceret,</span> <span class='ocrx_word' id='word_1_169' title='bbox 1528 2267 1585 2334; x_wconf 91' lang='lat' dir='ltr'>sed</span> 
     </span>
     <span class='ocr_line' id='line_1_18' title="bbox 343 2376 1585 2469; baseline 0.001 -29"><span class='ocrx_word' id='word_1_170' title='bbox 343 2376 506 2469; x_wconf 86' lang='lat' dir='ltr'>etiamad</span> <span class='ocrx_word' id='word_1_171' title='bbox 530 2378 807 2459; x_wconf 85' lang='lat' dir='ltr'>grammaticorum</span> <span class='ocrx_word' id='word_1_172' title='bbox 831 2376 1053 2462; x_wconf 88' lang='lat' dir='ltr'>rhetorumque</span> <span class='ocrx_word' id='word_1_173' title='bbox 1076 2379 1216 2443; x_wconf 90' lang='lat' dir='ltr'>rationes</span> <span class='ocrx_word' id='word_1_174' title='bbox 1239 2397 1346 2443; x_wconf 91' lang='lat' dir='ltr'>curam</span> <span class='ocrx_word' id='word_1_175' title='bbox 1363 2376 1527 2463; x_wconf 85' lang='lat' dir='ltr'>impendit,</span> <span class='ocrx_word' id='word_1_176' title='bbox 1552 2376 1585 2442; x_wconf 91' lang='lat' dir='ltr'>id</span> 
     </span>
     <span class='ocr_line' id='line_1_19' title="bbox 343 2484 1646 2572; baseline -0.002 -22"><span class='ocrx_word' id='word_1_177' title='bbox 343 2484 426 2572; x_wconf 88' lang='lat' dir='ltr'>quod</span> <span class='ocrx_word' id='word_1_178' title='bbox 451 2505 476 2551; x_wconf 90' lang='lat' dir='ltr'>c.</span> <span class='ocrx_word' id='word_1_179' title='bbox 497 2487 538 2550; x_wconf 78' lang='lat'>15</span> <span class='ocrx_word' id='word_1_180' title='bbox 563 2485 666 2551; x_wconf 84' lang='lat' dir='ltr'>verbis</span> <span class='ocrx_word' id='word_1_181' title='bbox 688 2487 766 2552; x_wconf 88' lang='lat' dir='ltr'>satis</span> <span class='ocrx_word' id='word_1_182' title='bbox 787 2485 989 2551; x_wconf 84' lang='lat' dir='ltr'>manifestum</span> <span class='ocrx_word' id='word_1_183' title='bbox 1006 2488 1064 2567; x_wconf 89' lang='lat' dir='ltr'>est,</span> <span class='ocrx_word' id='word_1_184' title='bbox 1090 2488 1221 2572; x_wconf 88' lang='lat' dir='ltr'>quorum</span> <span class='ocrx_word' id='word_1_185' title='bbox 1237 2487 1378 2551; x_wconf 82' lang='lat' dir='ltr'>maxima</span> <span class='ocrx_word' id='word_1_186' title='bbox 1393 2489 1585 2572; x_wconf 77' lang='lat' dir='ltr'>parsrrtva-</span> <span class='ocrx_word' id='word_1_187' title='bbox 1645 2552 1646 2555; x_wconf 49' lang='lat'>,</span> 
     </span>
     <span class='ocr_line' id='line_1_20' title="bbox 342 2591 1646 2681; baseline 0 -23"><span class='ocrx_word' id='word_1_188' title='bbox 342 2617 395 2669; x_wconf 83' lang='grc' dir='ltr'>κος</span> <span class='ocrx_word' id='word_1_189' title='bbox 417 2594 552 2659; x_wconf 88' lang='lat' dir='ltr'>formam</span> <span class='ocrx_word' id='word_1_190' title='bbox 575 2591 706 2659; x_wconf 89' lang='lat' dir='ltr'>redolet.</span> <span class='ocrx_word' id='word_1_191' title='bbox 754 2591 925 2660; x_wconf 85' lang='lat' dir='ltr'>Auctorem</span> <span class='ocrx_word' id='word_1_192' title='bbox 949 2591 1041 2659; x_wconf 92' lang='lat' dir='ltr'>huius</span> <span class='ocrx_word' id='word_1_193' title='bbox 1067 2593 1181 2681; x_wconf 91' lang='lat' dir='ltr'>capitis</span> <span class='ocrx_word' id='word_1_194' title='bbox 1210 2593 1264 2681; x_wconf 85' lang='lat' dir='ltr'>(cf.</span> <span class='ocrx_word' id='word_1_195' title='bbox 1295 2613 1320 2660; x_wconf 92' lang='lat' dir='ltr'>c.</span> <span class='ocrx_word' id='word_1_196' title='bbox 1347 2595 1405 2680; x_wconf 78' lang='lat'>24)</span> <span class='ocrx_word' id='word_1_197' title='bbox 1430 2592 1586 2660; x_wconf 88' lang='lat' dir='ltr'>Demetrii</span> <span class='ocrx_word' id='word_1_198' title='bbox 1645 2612 1646 2615; x_wconf 68' lang='grc'>’</span> 
     </span>
     <span class='ocr_line' id='line_1_21' title="bbox 343 2700 1587 2788; baseline -0.002 -20"><span class='ocrx_word' id='word_1_199' title='bbox 343 2701 500 2786; x_wconf 78' lang='lat' dir='ltr'>Magnetis</span> <span class='ocrx_word' id='word_1_200' title='bbox 524 2705 629 2767; x_wconf 90' lang='lat' dir='ltr'>aetate</span> <span class='ocrx_word' id='word_1_201' title='bbox 656 2702 834 2767; x_wconf 85' lang='lat' dir='ltr'>inferiorem</span> <span class='ocrx_word' id='word_1_202' title='bbox 864 2702 960 2767; x_wconf 83' lang='lat' dir='ltr'>firisse</span> <span class='ocrx_word' id='word_1_203' title='bbox 987 2700 1103 2788; x_wconf 91' lang='lat' dir='ltr'>liquet,</span> <span class='ocrx_word' id='word_1_204' title='bbox 1133 2722 1203 2767; x_wconf 90' lang='lat' dir='ltr'>cum</span> <span class='ocrx_word' id='word_1_205' title='bbox 1225 2700 1432 2769; x_wconf 88' lang='lat' dir='ltr'>Plutarchum</span> <span class='ocrx_word' id='word_1_206' title='bbox 1460 2702 1587 2785; x_wconf 82' lang='lat' dir='ltr'>singula</span> 
     </span>
     <span class='ocr_line' id='line_1_22' title="bbox 345 2806 1587 2897; baseline 0 -22"><span class='ocrx_word' id='word_1_207' title='bbox 345 2831 488 2897; x_wconf 89' lang='lat' dir='ltr'>quaeque</span> <span class='ocrx_word' id='word_1_208' title='bbox 512 2830 529 2875; x_wconf 93' lang='lat' dir='ltr'>e</span> <span class='ocrx_word' id='word_1_209' title='bbox 553 2810 652 2875; x_wconf 86' lang='lat' dir='ltr'>variis</span> <span class='ocrx_word' id='word_1_210' title='bbox 673 2810 812 2875; x_wconf 86' lang='lat' dir='ltr'>fontibus</span> <span class='ocrx_word' id='word_1_211' title='bbox 836 2810 1027 2891; x_wconf 84' lang='lat' dir='ltr'>congessisse</span> <span class='ocrx_word' id='word_1_212' title='bbox 1043 2806 1192 2875; x_wconf 85' lang='lat' dir='ltr'>Gebhard</span> <span class='ocrx_word' id='word_1_213' title='bbox 1217 2811 1261 2895; x_wconf 88' lang='lat' dir='ltr'>(p.</span> <span class='ocrx_word' id='word_1_214' title='bbox 1281 2812 1339 2896; x_wconf 79' lang='grc'>35)</span> <span class='ocrx_word' id='word_1_215' title='bbox 1363 2830 1485 2895; x_wconf 91' lang='lat' dir='ltr'>quoque</span> <span class='ocrx_word' id='word_1_216' title='bbox 1501 2814 1587 2875; x_wconf 91' lang='lat' dir='ltr'>recte</span> 
     </span>
     <span class='ocr_line' id='line_1_23' title="bbox 344 2916 1586 3004; baseline -0.002 -20"><span class='ocrx_word' id='word_1_217' title='bbox 344 2920 518 3003; x_wconf 78' lang='lat' dir='ltr'>negaverit,</span> <span class='ocrx_word' id='word_1_218' title='bbox 567 2917 655 2996; x_wconf 80' lang='lat' dir='ltr'>Quod</span> <span class='ocrx_word' id='word_1_219' title='bbox 684 2937 757 2984; x_wconf 92' lang='lat' dir='ltr'>vero</span> <span class='ocrx_word' id='word_1_220' title='bbox 787 2923 857 3000; x_wconf 71' lang='lat' dir='ltr'>Mor</span> <span class='ocrx_word' id='word_1_221' title='bbox 880 2919 1023 2983; x_wconf 85' lang='lat' dir='ltr'>extitisse</span> <span class='ocrx_word' id='word_1_222' title='bbox 1046 2922 1167 3001; x_wconf 85' lang='lat' dir='ltr'>statue,</span> <span class='ocrx_word' id='word_1_223' title='bbox 1197 2920 1335 3004; x_wconf 91' lang='lat' dir='ltr'>quinon</span> <span class='ocrx_word' id='word_1_224' title='bbox 1359 2916 1462 2985; x_wconf 89' lang='lat' dir='ltr'>solum</span> <span class='ocrx_word' id='word_1_225' title='bbox 1484 2920 1586 2983; x_wconf 88' lang='lat' dir='ltr'>vitam</span> 
     </span>
     <span class='ocr_line' id='line_1_24' title="bbox 344 3025 1587 3113; baseline -0.002 -19"><span class='ocrx_word' id='word_1_226' title='bbox 344 3029 514 3109; x_wconf 80' lang='lat' dir='ltr'>enarravit,</span> <span class='ocrx_word' id='word_1_227' title='bbox 540 3026 594 3092; x_wconf 88' lang='lat' dir='ltr'>sed</span> <span class='ocrx_word' id='word_1_228' title='bbox 620 3027 717 3093; x_wconf 89' lang='lat' dir='ltr'>etiam</span> <span class='ocrx_word' id='word_1_229' title='bbox 728 3025 776 3091; x_wconf 88' lang='lat' dir='ltr'>de</span> <span class='ocrx_word' id='word_1_230' title='bbox 794 3026 997 3108; x_wconf 88' lang='lat' dir='ltr'>orationibus,</span> <span class='ocrx_word' id='word_1_231' title='bbox 1021 3046 1129 3090; x_wconf 87' lang='lat' dir='ltr'>earum</span> <span class='ocrx_word' id='word_1_232' title='bbox 1145 3026 1339 3112; x_wconf 89' lang='lat' dir='ltr'>temporibus</span> <span class='ocrx_word' id='word_1_233' title='bbox 1356 3026 1489 3113; x_wconf 87' lang='lat' dir='ltr'>aliisque</span> <span class='ocrx_word' id='word_1_234' title='bbox 1505 3027 1587 3092; x_wconf 91' lang='lat' dir='ltr'>eius-</span> 
     </span>
     <span class='ocr_line' id='line_1_25' title="bbox 344 3133 1586 3222; baseline -0.003 -19"><span class='ocrx_word' id='word_1_235' title='bbox 344 3138 428 3203; x_wconf 87' lang='lat' dir='ltr'>modi</span> <span class='ocrx_word' id='word_1_236' title='bbox 453 3136 637 3222; x_wconf 86' lang='lat' dir='ltr'>disputavit,</span> <span class='ocrx_word' id='word_1_237' title='bbox 662 3154 784 3216; x_wconf 85' lang='lat' dir='ltr'>monce,</span> <span class='ocrx_word' id='word_1_238' title='bbox 809 3133 998 3219; x_wconf 85' lang='lat' dir='ltr'>Dionysium</span> <span class='ocrx_word' id='word_1_239' title='bbox 1015 3133 1089 3199; x_wconf 90' lang='lat' dir='ltr'>Hal.</span> <span class='ocrx_word' id='word_1_240' title='bbox 1109 3134 1346 3200; x_wconf 89' lang='lat' dir='ltr'>celeberrimum</span> <span class='ocrx_word' id='word_1_241' title='bbox 1362 3134 1453 3200; x_wconf 91' lang='lat' dir='ltr'>illum</span> <span class='ocrx_word' id='word_1_242' title='bbox 1469 3134 1586 3199; x_wconf 78' lang='lat' dir='ltr'>Demo</span> 
     </span>
     <span class='ocr_line' id='line_1_26' title="bbox 345 3241 1584 3330; baseline -0.004 -18"><span class='ocrx_word' id='word_1_243' title='bbox 345 3246 557 3312; x_wconf 73' lang='lat' dir='ltr'>athenicarum</span> <span class='ocrx_word' id='word_1_244' title='bbox 582 3246 758 3308; x_wconf 87' lang='lat' dir='ltr'>orationum</span> <span class='ocrx_word' id='word_1_245' title='bbox 782 3242 917 3308; x_wconf 90' lang='lat' dir='ltr'>indicem</span> <span class='ocrx_word' id='word_1_246' title='bbox 940 3245 988 3329; x_wconf 92' lang='lat' dir='ltr'>(in</span> <span class='ocrx_word' id='word_1_247' title='bbox 1012 3263 1060 3328; x_wconf 90' lang='lat' dir='ltr'>ep.</span> <span class='ocrx_word' id='word_1_248' title='bbox 1087 3241 1128 3307; x_wconf 93' lang='lat' dir='ltr'>ad</span> <span class='ocrx_word' id='word_1_249' title='bbox 1147 3241 1253 3308; x_wconf 84' lang='lat' dir='ltr'>Amm.</span> <span class='ocrx_word' id='word_1_250' title='bbox 1279 3245 1315 3329; x_wconf 87' lang='grc'>4)</span> <span class='ocrx_word' id='word_1_251' title='bbox 1340 3243 1584 3330; x_wconf 83' lang='lat' dir='ltr'>biographorum</span> 
     </span>
     <span class='ocr_line' id='line_1_27' title="bbox 345 3351 1587 3438; baseline -0.006 -18"><span class='ocrx_word' id='word_1_252' title='bbox 345 3354 457 3421; x_wconf 89' lang='lat' dir='ltr'>studiis</span> <span class='ocrx_word' id='word_1_253' title='bbox 485 3374 518 3419; x_wconf 89' lang='lat' dir='ltr'>se</span> <span class='ocrx_word' id='word_1_254' title='bbox 548 3351 660 3417; x_wconf 89' lang='lat' dir='ltr'>debere</span> <span class='ocrx_word' id='word_1_255' title='bbox 689 3352 791 3437; x_wconf 90' lang='lat' dir='ltr'>ipsum</span> <span class='ocrx_word' id='word_1_256' title='bbox 821 3351 976 3417; x_wconf 80' lang='lat' dir='ltr'>confiteri:</span> <span class='ocrx_word' id='word_1_257' title='bbox 1012 3372 1037 3417; x_wconf 93' lang='lat' dir='ltr'>c.</span> <span class='ocrx_word' id='word_1_258' title='bbox 1065 3354 1099 3417; x_wconf 83' lang='lat'>3:</span> <span class='ocrx_word' id='word_1_259' title='bbox 1135 3351 1257 3438; x_wconf 79' lang='grc' dir='ltr'><em>ἀνάγκη</em></span> <span class='ocrx_word' id='word_1_260' title='bbox 1285 3353 1316 3416; x_wconf 87' lang='lat' dir='ltr'>d&#39;</span> <span class='ocrx_word' id='word_1_261' title='bbox 1344 3356 1417 3426; x_wconf 80' lang='grc' dir='ltr'><strong><em>ἴσως</em></strong></span> <span class='ocrx_word' id='word_1_262' title='bbox 1446 3355 1587 3438; x_wconf 82' lang='grc' dir='ltr'><strong><em>πρῶτον,</em></strong></span> 
     </span>
     <span class='ocr_line' id='line_1_28' title="bbox 344 3457 1587 3547; baseline -0.004 -21"><span class='ocrx_word' id='word_1_263' title='bbox 344 3460 404 3526; x_wconf 85' lang='grc' dir='ltr'>ὅσα</span> <span class='ocrx_word' id='word_1_264' title='bbox 427 3462 614 3547; x_wconf 75' lang='grc' dir='ltr'><strong><em>παρέλαβον</em></strong></span> <span class='ocrx_word' id='word_1_265' title='bbox 637 3460 670 3522; x_wconf 74' lang='grc' dir='ltr'>ἐκ</span> <span class='ocrx_word' id='word_1_266' title='bbox 694 3462 755 3523; x_wconf 84' lang='grc' dir='ltr'>τῶν</span> <span class='ocrx_word' id='word_1_267' title='bbox 778 3460 892 3523; x_wconf 81' lang='grc' dir='ltr'><strong><em>κοινῶν</em></strong></span> <span class='ocrx_word' id='word_1_268' title='bbox 914 3458 1074 3546; x_wconf 71' lang='grc' dir='ltr'><strong><em>ἱστοριῶν,</em></strong></span> <span class='ocrx_word' id='word_1_269' title='bbox 1101 3458 1140 3534; x_wconf 84' lang='grc' dir='ltr'>ἃς</span> <span class='ocrx_word' id='word_1_270' title='bbox 1162 3460 1336 3524; x_wconf 79' lang='grc' dir='ltr'><strong><em>κατέλιπον</em></strong></span> <span class='ocrx_word' id='word_1_271' title='bbox 1357 3460 1432 3545; x_wconf 76' lang='grc' dir='ltr'><strong><em>ἡμῖν</em></strong></span> <span class='ocrx_word' id='word_1_272' title='bbox 1456 3457 1486 3523; x_wconf 72' lang='grc' dir='ltr'>οἳ</span> <span class='ocrx_word' id='word_1_273' title='bbox 1514 3458 1587 3533; x_wconf 76' lang='grc' dir='ltr'><strong><em>τοὺς</em></strong></span> 
     </span>
     <span class='ocr_line' id='line_1_29' title="bbox 346 3550 1586 3654; baseline -0.003 -19"><span class='ocrx_word' id='word_1_274' title='bbox 346 3576 432 3654; x_wconf 66' lang='grc' dir='ltr'><strong><em>βίους</em></strong></span> <span class='ocrx_word' id='word_1_275' title='bbox 468 3573 529 3632; x_wconf 75' lang='grc' dir='ltr'>τῶν</span> <span class='ocrx_word' id='word_1_276' title='bbox 564 3566 691 3651; x_wconf 77' lang='grc' dir='ltr'><strong><em>ἀνδρῶν</em></strong></span> <span class='ocrx_word' id='word_1_277' title='bbox 718 3569 774 3652; x_wconf 85' lang='lat' dir='ltr'>(sc.</span> <span class='ocrx_word' id='word_1_278' title='bbox 804 3566 1028 3633; x_wconf 80' lang='lat' dir='ltr'>Demosthenis</span> <span class='ocrx_word' id='word_1_279' title='bbox 1056 3558 1315 3653; x_wconf 76' lang='lat' dir='ltr'>et‘Aristotelis)</span> <span class='ocrx_word' id='word_1_280' title='bbox 1344 3550 1586 3649; x_wconf 73' lang='grc' dir='ltr'><strong><em>συνταξάμενοι,</em></strong></span> 
     </span>
     <span class='ocr_line' id='line_1_30' title="bbox 347 3674 1585 3765; baseline -0.003 -22"><span class='ocrx_word' id='word_1_281' title='bbox 347 3690 525 3765; x_wconf 66' lang='grc' dir='ltr'><strong><em>προειπεῖν.</em></strong></span> <span class='ocrx_word' id='word_1_282' title='bbox 573 3696 599 3741; x_wconf 84' lang='lat' dir='ltr'>e.</span> <span class='ocrx_word' id='word_1_283' title='bbox 624 3678 660 3739; x_wconf 82' lang='lat'>4:</span> <span class='ocrx_word' id='word_1_284' title='bbox 702 3674 739 3739; x_wconf 76' lang='lat' dir='ltr'>oi·</span> <span class='ocrx_word' id='word_1_285' title='bbox 755 3676 827 3751; x_wconf 77' lang='grc' dir='ltr'><strong><em>τοὺς</em></strong></span> <span class='ocrx_word' id='word_1_286' title='bbox 855 3675 1034 3762; x_wconf 79' lang='grc' dir='ltr'><strong><em>ῥητορικοὺς</em></strong></span> <span class='ocrx_word' id='word_1_287' title='bbox 1061 3680 1200 3751; x_wconf 79' lang='grc' dir='ltr'><strong><em>πίνακας</em></strong></span> <span class='ocrx_word' id='word_1_288' title='bbox 1227 3675 1444 3752; x_wconf 76' lang='grc' dir='ltr'><strong><em>συντάξαντες·</em></strong></span> <span class='ocrx_word' id='word_1_289' title='bbox 1464 3675 1526 3761; x_wconf 63' lang='lat' dir='ltr'>(csj</span> <span class='ocrx_word' id='word_1_290' title='bbox 1545 3674 1585 3739; x_wconf 85' lang='lat' dir='ltr'>de</span> 
     </span>
     <span class='ocr_line' id='line_1_31' title="bbox 346 3781 1585 3871; baseline -0.006 -17"><span class='ocrx_word' id='word_1_291' title='bbox 346 3788 378 3854; x_wconf 79' lang='lat' dir='ltr'>vi</span> <span class='ocrx_word' id='word_1_292' title='bbox 403 3786 461 3852; x_wconf 89' lang='lat' dir='ltr'>dic.</span> <span class='ocrx_word' id='word_1_293' title='bbox 488 3784 579 3850; x_wconf 92' lang='lat' dir='ltr'>Dem.</span> <span class='ocrx_word' id='word_1_294' title='bbox 604 3796 630 3849; x_wconf 87' lang='lat' dir='ltr'>c.</span> <span class='ocrx_word' id='word_1_295' title='bbox 655 3785 723 3868; x_wconf 79' lang='grc'>53).</span> <span class='ocrx_word' id='word_1_296' title='bbox 769 3782 855 3861; x_wconf 80' lang='lat' dir='ltr'>Quae</span> <span class='ocrx_word' id='word_1_297' title='bbox 879 3784 977 3849; x_wconf 90' lang='lat' dir='ltr'>verba</span> <span class='ocrx_word' id='word_1_298' title='bbox 1000 3783 1210 3850; x_wconf 85' lang='lat' dir='ltr'>consideranti</span> <span class='ocrx_word' id='word_1_299' title='bbox 1232 3784 1311 3849; x_wconf 89' lang='lat' dir='ltr'>mihi</span> <span class='ocrx_word' id='word_1_300' title='bbox 1334 3801 1415 3871; x_wconf 87' lang='lat' dir='ltr'>quae</span> <span class='ocrx_word' id='word_1_301' title='bbox 1435 3781 1585 3849; x_wconf 82' lang='lat' dir='ltr'>Gebhard</span> 
     </span>
     <span class='ocr_line' id='line_1_32' title="bbox 346 3888 1587 3983; baseline -0.003 -25"><span class='ocrx_word' id='word_1_302' title='bbox 346 3899 391 3983; x_wconf 80' lang='lat' dir='ltr'>(p,</span> <span class='ocrx_word' id='word_1_303' title='bbox 419 3895 476 3979; x_wconf 82' lang='grc'>30)</span> <span class='ocrx_word' id='word_1_304' title='bbox 501 3892 539 3957; x_wconf 91' lang='lat' dir='ltr'>de</span> <span class='ocrx_word' id='word_1_305' title='bbox 561 3890 697 3957; x_wconf 77' lang='lat' dir='ltr'>Caecilio</span> <span class='ocrx_word' id='word_1_306' title='bbox 714 3888 878 3957; x_wconf 89' lang='lat' dir='ltr'>Plutarchi</span> <span class='ocrx_word' id='word_1_307' title='bbox 902 3896 1029 3957; x_wconf 89' lang='lat' dir='ltr'>auctore</span> <span class='ocrx_word' id='word_1_308' title='bbox 1052 3892 1176 3973; x_wconf 87' lang='lat' dir='ltr'>statui-t,</span> <span class='ocrx_word' id='word_1_309' title='bbox 1200 3893 1262 3957; x_wconf 93' lang='lat' dir='ltr'>nisi</span> <span class='ocrx_word' id='word_1_310' title='bbox 1285 3891 1469 3958; x_wconf 89' lang='lat' dir='ltr'>certioribus</span> <span class='ocrx_word' id='word_1_311' title='bbox 1493 3911 1587 3974; x_wconf 85' lang='lat' dir='ltr'>argu-</span> 
     </span>
     <span class='ocr_line' id='line_1_33' title="bbox 346 3998 1587 4086; baseline -0.004 -18"><span class='ocrx_word' id='word_1_312' title='bbox 346 4004 462 4068; x_wconf 89' lang='lat' dir='ltr'>mentis</span> <span class='ocrx_word' id='word_1_313' title='bbox 486 3999 702 4081; x_wconf 86' lang='lat' dir='ltr'>stabilientur,</span> <span class='ocrx_word' id='word_1_314' title='bbox 730 4019 793 4064; x_wconf 91' lang='lat' dir='ltr'>non</span> <span class='ocrx_word' id='word_1_315' title='bbox 813 3998 983 4086; x_wconf 84' lang='lat' dir='ltr'>explorata</span> <span class='ocrx_word' id='word_1_316' title='bbox 1005 3998 1160 4065; x_wconf 84' lang='lat' dir='ltr'>videntur.</span> <span class='ocrx_word' id='word_1_317' title='bbox 1209 3999 1255 4065; x_wconf 86' lang='lat' dir='ltr'>Eo</span> <span class='ocrx_word' id='word_1_318' title='bbox 1280 4000 1390 4083; x_wconf 78' lang='lat' dir='ltr'>igitur,</span> <span class='ocrx_word' id='word_1_319' title='bbox 1417 4003 1456 4063; x_wconf 80' lang='lat' dir='ltr'>&#39;ut</span> <span class='ocrx_word' id='word_1_320' title='bbox 1484 3998 1587 4064; x_wconf 88' lang='lat' dir='ltr'>denuo</span> 
     </span>
     <span class='ocr_line' id='line_1_34' title="bbox 345 4106 1588 4193; baseline -0.003 -18"><span class='ocrx_word' id='word_1_321' title='bbox 345 4131 506 4191; x_wconf 91' lang='lat' dir='ltr'>moneam,</span> <span class='ocrx_word' id='word_1_322' title='bbox 536 4111 695 4176; x_wconf 89' lang='lat' dir='ltr'>sententia</span> <span class='ocrx_word' id='word_1_323' title='bbox 717 4128 789 4173; x_wconf 89' lang='lat' dir='ltr'>mea</span> <span class='ocrx_word' id='word_1_324' title='bbox 811 4110 892 4190; x_wconf 86' lang='lat' dir='ltr'>exit,</span> <span class='ocrx_word' id='word_1_325' title='bbox 921 4112 957 4173; x_wconf 92' lang='lat' dir='ltr'>ut</span> <span class='ocrx_word' id='word_1_326' title='bbox 979 4110 1077 4193; x_wconf 92' lang='lat' dir='ltr'>priori</span> <span class='ocrx_word' id='word_1_327' title='bbox 1099 4106 1309 4175; x_wconf 89' lang='lat' dir='ltr'>Plutarcheae</span> <span class='ocrx_word' id='word_1_328' title='bbox 1332 4107 1480 4173; x_wconf 90' lang='lat' dir='ltr'>relationi</span> <span class='ocrx_word' id='word_1_329' title='bbox 1510 4108 1588 4172; x_wconf 91' lang='lat' dir='ltr'>scri-</span> 
     </span>
     <span class='ocr_line' id='line_1_35' title="bbox 345 4213 1587 4305; baseline -0.003 -22"><span class='ocrx_word' id='word_1_330' title='bbox 345 4223 469 4305; x_wconf 90' lang='lat' dir='ltr'>ptorem</span> <span class='ocrx_word' id='word_1_331' title='bbox 492 4217 646 4283; x_wconf 89' lang='lat' dir='ltr'>Demetrii</span> <span class='ocrx_word' id='word_1_332' title='bbox 672 4214 828 4299; x_wconf 82' lang='lat' dir='ltr'>Magnetis</span> <span class='ocrx_word' id='word_1_333' title='bbox 858 4218 963 4281; x_wconf 89' lang='lat' dir='ltr'>aetate</span> <span class='ocrx_word' id='word_1_334' title='bbox 991 4216 1172 4281; x_wconf 90' lang='lat' dir='ltr'>inferiorem</span> <span class='ocrx_word' id='word_1_335' title='bbox 1201 4216 1328 4283; x_wconf 88' lang='lat' dir='ltr'>subesse</span> <span class='ocrx_word' id='word_1_336' title='bbox 1347 4230 1517 4297; x_wconf 82' lang='lat' dir='ltr'>&#39;censeam3</span> <span class='ocrx_word' id='word_1_337' title='bbox 1547 4213 1587 4279; x_wconf 91' lang='lat' dir='ltr'>de</span> 
     </span>
     <span class='ocr_line' id='line_1_36' title="bbox 347 4319 1285 4412; baseline -0.003 -19"><span class='ocrx_word' id='word_1_338' title='bbox 347 4328 432 4393; x_wconf 88' lang='lat' dir='ltr'>cuius</span> <span class='ocrx_word' id='word_1_339' title='bbox 456 4328 580 4393; x_wconf 89' lang='lat' dir='ltr'>nomine</span> <span class='ocrx_word' id='word_1_340' title='bbox 605 4324 688 4412; x_wconf 90' lang='lat' dir='ltr'>quod</span> <span class='ocrx_word' id='word_1_341' title='bbox 711 4319 792 4390; x_wconf 91' lang='lat' dir='ltr'>nihil</span> <span class='ocrx_word' id='word_1_342' title='bbox 815 4325 882 4391; x_wconf 88' lang='lat' dir='ltr'>erui</span> <span class='ocrx_word' id='word_1_343' title='bbox 906 4327 1012 4411; x_wconf 90' lang='lat' dir='ltr'>potest</span> <span class='ocrx_word' id='word_1_344' title='bbox 1035 4323 1205 4390; x_wconf 88' lang='lat' dir='ltr'>dolendum</span> <span class='ocrx_word' id='word_1_345' title='bbox 1228 4329 1285 4391; x_wconf 89' lang='lat' dir='ltr'>est.</span> 
     </span>
    </p>

    <p class='ocr_par' dir='ltr' id='par_1_4' title="bbox 436 4429 1588 4519">
     <span class='ocr_line' id='line_1_37' title="bbox 436 4429 1588 4519; baseline -0.005 -18"><span class='ocrx_word' id='word_1_346' title='bbox 436 4434 484 4501; x_wconf 91' lang='lat' dir='ltr'>De</span> <span class='ocrx_word' id='word_1_347' title='bbox 514 4433 616 4499; x_wconf 82' lang='lat' dir='ltr'>altera</span> <span class='ocrx_word' id='word_1_348' title='bbox 644 4432 812 4515; x_wconf 87' lang='lat' dir='ltr'>relatione,</span> <span class='ocrx_word' id='word_1_349' title='bbox 848 4452 944 4518; x_wconf 91' lang='lat' dir='ltr'>quam</span> <span class='ocrx_word' id='word_1_350' title='bbox 970 4452 1033 4519; x_wconf 88' lang='lat' dir='ltr'>quo</span> <span class='ocrx_word' id='word_1_351' title='bbox 1062 4432 1155 4499; x_wconf 92' lang='lat' dir='ltr'>modo</span> <span class='ocrx_word' id='word_1_352' title='bbox 1183 4431 1372 4499; x_wconf 88' lang='lat' dir='ltr'>Plutarchus</span> <span class='ocrx_word' id='word_1_353' title='bbox 1404 4432 1502 4519; x_wconf 90' lang='lat' dir='ltr'>priori</span> <span class='ocrx_word' id='word_1_354' title='bbox 1537 4429 1588 4496; x_wconf 91' lang='lat' dir='ltr'>illi</span> 
     </span>
    </p>
   </div>
   <div class='ocr_carea' id='block_1_4' title="bbox 421 4668 1586 4745">
    <p class='ocr_par' dir='ltr' id='par_1_5' title="bbox 421 4668 1586 4745">
     <span class='ocr_line' id='line_1_38' title="bbox 421 4668 1586 4745; baseline -0.005 -18"><span class='ocrx_word' id='word_1_355' title='bbox 421 4672 440 4745; x_wconf 89' lang='lat'>¹)</span> <span class='ocrx_word' id='word_1_356' title='bbox 460 4676 499 4729; x_wconf 89' lang='lat' dir='ltr'>De</span> <span class='ocrx_word' id='word_1_357' title='bbox 512 4672 647 4743; x_wconf 78' lang='lat' dir='ltr'>Roesigeri</span> <span class='ocrx_word' id='word_1_358' title='bbox 667 4686 753 4725; x_wconf 90' lang='lat' dir='ltr'>errore</span> <span class='ocrx_word' id='word_1_359' title='bbox 767 4672 847 4726; x_wconf 83' lang='lat' dir='ltr'>verba</span> <span class='ocrx_word' id='word_1_360' title='bbox 861 4671 946 4725; x_wconf 84' lang='lat' dir='ltr'>tacere</span> <span class='ocrx_word' id='word_1_361' title='bbox 958 4670 1011 4723; x_wconf 87' lang='lat' dir='ltr'>iam</span> <span class='ocrx_word' id='word_1_362' title='bbox 1025 4685 1079 4723; x_wconf 90' lang='lat' dir='ltr'>nou</span> <span class='ocrx_word' id='word_1_363' title='bbox 1093 4685 1161 4738; x_wconf 88' lang='lat' dir='ltr'>opus</span> <span class='ocrx_word' id='word_1_364' title='bbox 1174 4674 1223 4736; x_wconf 84' lang='lat' dir='ltr'>cst,-</span> <span class='ocrx_word' id='word_1_365' title='bbox 1243 4670 1276 4723; x_wconf 83' lang='lat' dir='ltr'>cl.</span> <span class='ocrx_word' id='word_1_366' title='bbox 1291 4670 1386 4736; x_wconf 74' lang='lat' dir='ltr'>(reon,</span> <span class='ocrx_word' id='word_1_367' title='bbox 1405 4684 1432 4740; x_wconf 84' lang='lat' dir='ltr'>p.</span> <span class='ocrx_word' id='word_1_368' title='bbox 1447 4669 1473 4736; x_wconf 85' lang='grc'>4,</span> <span class='ocrx_word' id='word_1_369' title='bbox 1494 4670 1520 4743; x_wconf 80' lang='grc'>5,</span> <span class='ocrx_word' id='word_1_370' title='bbox 1543 4668 1586 4727; x_wconf 76' lang='lat'>12.</span> 
     </span>
    </p>
   </div>
   <div class='ocr_carea' id='block_1_5' title="bbox 0 0 1709 5300">
    <p class='ocr_par' dir='ltr' id='par_1_6' title="bbox 0 0 1709 5300">
     <span class='ocr_line' id='line_1_39' title="bbox 0 0 1709 5300; baseline 0 0"><span class='ocrx_word' id='word_1_371' title='bbox 0 0 1709 5300; x_wconf 95' lang='lat' dir='ltr'> </span> 
     </span>
    </p>
   </div>
  </div>
 </body>
</html>
