3392 5300
663 457 885 522 ..25-

155 659 320 724 arcemque
337 637 526 704 Timoleonti
550 637 648 720 dedit,
673 641 726 724 qui
747 637 788 703 ad
811 637 843 703 id
867 639 1019 724 temporis
1034 637 1156 703 nullam
1172 637 1257 704 urbis
1273 640 1398 724 partem

154 747 299 828 tenebat,
336 767 361 813 o.
389 749 428 811 17
454 746 599 828 Hicetas,
629 747 683 832 qui
710 745 820 812 multis
843 744 1149 830 Carthaginiensium
1172 745 1304 812 navibus
1326 766 1399 832 por-

155 859 223 920 tum
247 856 311 920 iam
335 859 431 920 antea
446 854 660 941 occupandum
677 858 842 922 curaverat
863 858 903 941 (c.
924 857 981 940 ll)
998 859 1100 920 totam
1115 853 1250 921 classem
1266 853 1398 937 Magone

156 961 233 1029 duce
261 963 410 1045 advocat;
440 983 466 1029 c.
494 965 534 1030 18
560 962 659 1044 Neon,
684 961 915 1028 Corinthiorum
938 964 1129 1049 praefectus,
1158 962 1337 1029 excursione
1361 983 1399 1027 ex

156 1091 228 1136 arce
257 1071 343 1136 sacta
370 1069 585 1137 Achradinam
614 1069 750 1152 obtinet,
780 1091 806 1137 c.
833 1074 872 1135 21
903 1070 1018 1137 Hiceta
1045 1071 1154 1154 firgato
1182 1074 1252 1136 tota
1279 1070 1354 1136 urbs
1380 1092 1400 1134 a

157 1177 352 1244 Timoleonte
365 1182 542 1265 occupatur.
558 1217 598 1226 -
612 1177 792 1264 Numquam
808 1179 904 1261 igitur
915 1177 1087 1245 Plutarcho
1100 1178 1259 1265 (Timaeo)
1273 1182 1399 1244 auctore

157 1290 213 1352 aut
236 1285 367 1352 Hicetas
390 1285 604 1352 Achradinam
632 1291 665 1351 et
689 1285 858 1371 Neapolim
884 1285 970 1352 solas
999 1291 1054 1352 aut
1077 1285 1240 1352 Timoleon
1262 1284 1401 1372 reliquas

157 1394 244 1460 urbis
273 1399 379 1480 partes
407 1398 533 1481 praeter
560 1393 702 1460 Insulam
730 1393 861 1459 tenebat
889 1393 987 1481 (Diod
1015 1397 1068 1476 69,
1091 1397 1132 1480 3).
1189 1393 1252 1460 Sed
1279 1393 1401 1480 reliqua

157 1523 280 1588 quoque
308 1523 333 1570 c.
361 1505 403 1568 69
432 1523 506 1589 pars
534 1523 628 1589 quarn
656 1506 792 1569 maximo
816 1524 836 1568 a
858 1502 1030 1570 Plutarcho
1054 1503 1195 1570 dissidet.
1242 1503 1401 1570 Societate

158 1611 241 1676 enim
276 1610 426 1678 Mamerci
463 1610 697 1697 multorumque
735 1612 953 1693 castellorum,
993 1611 1224 1678 Corinthiorum
1264 1611 1402 1677 adventu

156 1716 276 1798 ἄλογόν
292 1742 364 1783 τινα
387 1720 440 1784 καὶ
462 1719 651 1806 παράδοξον
673 1721 854 1807 μεταβολὴν
869 1721 1025 1802 incidisse,
1050 1718 1257 1785 Timoleontis
1273 1721 1401 1805 eiusque

157 1827 295 1893 militum
320 1834 441 1894 animos
465 1848 654 1914 magnopere
671 1827 823 1895 demissos
839 1831 1004 1895 restitutos
1020 1849 1099 1909 esse,
1125 1827 1401 1911 Carthaginienses
1512 1915 1517 1918 .

157 1941 245 2002 metu
273 1935 432 2022 perculsos
460 1957 477 2001 e
501 1940 594 2022 portu
621 1935 802 2003 discessisse
825 1938 896 2022 quis
918 1935 1057 2002 Diodoro
1081 1935 1203 2018 credat,
1233 1956 1304 2002 cum
1327 1934 1402 2000 Plu-

157 2045 285 2110 tarchus
309 2065 371 2110 non
394 2043 497 2110 solum
525 2044 716 2110 Mamercum
745 2047 786 2131 (c.
818 2047 876 2130 13)
905 2044 1083 2131 oppidaque
1110 2044 1213 2110 multa
1240 2046 1304 2109 iam
1327 2046 1401 2109 ante

158 2154 239 2220 arcis
267 2152 458 2218 deditionem
487 2151 692 2218 Timoleontis
720 2156 827 2239 partes
856 2158 979 2219 secutos
1008 2173 1077 2219 esse
1105 2152 1221 2218 diserte
1248 2155 1403 2218 memoret

158 2261 213 2328 sed
241 2261 338 2326 etiarn
367 2263 408 2346 (.
436 2261 493 2346 16)
522 2265 684 2347 comperta
712 2260 838 2326 demum
862 2260 1008 2347 Dionysii
1036 2260 1194 2326 deditione
1223 2258 1402 2326 Corinthios

159 2369 278 2434 auxilia
301 2367 491 2434 Timoleonti
514 2370 637 2435 misisse
661 2368 783 2455 plenius
805 2369 963 2456 exponat?

248 2475 309 2543 Hic
333 2476 484 2558 subsist03
514 2475 579 2541 alia
607 2497 730 2563 quoque
758 2480 895 2559 restant,
924 2498 1005 2563 quae
1028 2481 1181 2563 quantum
1204 2475 1361 2542 Diodorus
1383 2497 1403 2540 a

159 2584 330 2653 Plutarcho
354 2584 511 2671 discrepet
534 2584 708 2652 clarissime
731 2584 909 2668 illustrant,
939 2584 995 2652 sed
1019 2607 1056 2652 ea
1079 2605 1160 2672 quae
1184 2583 1300 2672 protuli
1324 2587 1403 2651 satis

158 2698 245 2776 sunt,
285 2696 321 2759 ut
359 2692 532 2759 Diodorum
567 2715 584 2759 e
619 2714 747 2780 prorsus
785 2693 848 2759 alio
884 2694 971 2760 fonte
1005 2694 1147 2761 hausisse
1186 2694 1401 2781 perspiciatur.

158 2800 301 2868 Eundem
325 2807 484 2868 auctorem
508 2801 592 2867 haud
616 2801 709 2867 dubie
733 2802 765 2866 in
789 2822 814 2867 c.
841 2804 884 2867 70
907 2822 1030 2888 quoque
1053 2801 1207 2883 adhibuit,
1235 2800 1318 2887 quod
1340 2822 1403 2867 non

159 2908 262 2975 solum
285 2931 355 2976 cum
372 2910 530 2996 superiore
547 2910 705 2975 artissime
721 2910 919 2976 coniunctum
935 2913 994 2991 est,
1020 2910 1182 2996 (instituta
1198 2908 1404 2975 Timoleontis

159 3015 221 3083 non
245 3017 472 3101 intelleguntur
494 3019 555 3085 nisi
578 3017 655 3083 urhe
678 3018 742 3083 iam
766 3019 935 3104 occupata)
959 3017 1015 3083 sed
1037 3018 1135 3083 etiam
1152 3016 1250 3082 aliurn
1266 3016 1403 3083 colorem

159 3124 292 3212 praebet
326 3129 422 3211 atque
450 3124 613 3192 Plutarchi
647 3125 787 3192 eiusdem
814 3127 860 3191 rei
888 3127 1028 3192 narratio
1057 3128 1231 3212 (13-15).
1279 3125 1404 3192 Discre-

159 3234 270 3319 pantia
293 3253 366 3299 vero
390 3254 429 3299 ea
452 3238 510 3316 est,
534 3234 617 3320 quod
632 3233 803 3319 Dionysius
818 3233 958 3300 Diodoro
982 3238 1108 3301 auctore
1128 3235 1163 3298 ἐν
1178 3235 1277 3321 μικρῷ
1291 3253 1403 3320 crpor-
1506 3254 1508 3257 ⁴

159 3338 243 3421 γὺλῳ
268 3343 385 3425 πλοίῳ,
415 3340 585 3408 Plutarcho
610 3346 716 3407 autem
740 3346 867 3408 auctore
890 3341 945 3405 ἐπὶ
966 3346 1042 3426 μιᾶς
1065 3344 1142 3417 νεώς
1165 3345 1222 3429 (sc.
1249 3341 1404 3428 τριήρους)

160 3446 346 3515 Corinthum
374 3472 393 3515 a
417 3449 613 3517 Timoleonte
641 3452 756 3517 missus
784 3454 841 3517 est.
893 3449 1057 3536 Holmio¹)
1086 3452 1211 3517 omnino
1240 3452 1403 3532 assentior,

159 3558 214 3643 qui
236 3555 371 3641 Polybio
395 3556 504 3639 Xll,4
531 3561 649 3644 teste²)
679 3558 851 3624 Diodorum
880 3557 1073 3645 Theopompi
1102 3560 1237 3643 vestigia
1264 3579 1405 3645 premere

159 3662 244 3733 recte
261 3666 390 3748 statuit;
414 3664 587 3732 Diodorum
604 3669 687 3732 enirn
704 3688 720 3731 c
737 3666 859 3733 duabus
881 3665 948 3732 illis
971 3688 991 3731 a
1006 3665 1134 3733 Timaeo
1151 3666 1261 3733 allatis
1277 3665 1405 3732 relatio-

159 3773 252 3840 nibus
269 3773 523 3861 Theopompeam
536 3775 678 3842 consulto
695 3776 827 3859 elegisse
836 3778 863 3861 ³)
876 3776 954 3841 mihi
969 3796 1092 3861 quoque
1109 3776 1161 3841 vix
1177 3774 1327 3842 credibile
1343 3778 1403 3855 est,

159 3883 348 3967 praesertim
371 3902 442 3949 curn
465 3885 589 3970 saepius
605 3881 779 3949 Diodorum
803 3884 907 3949 varias
930 3881 1100 3949 relationes
1123 3881 1363 3966 diligentissime
1387 3903 1404 3948 e

160 3988 289 4056 Timaeo
313 3990 514 4058 transtulisse
530 3994 666 4074 constet3
691 3989 843 4057 habemus
860 3989 898 4072 V,
917 3994 947 4073 6,
968 4000 980 4054 l
999 3990 1223 4057 dissensionem
1236 3989 1353 4056 Timaei
1372 3994 1405 4055 et

236 4297 244 4329 ¹
275 4302 301 4353 II
350 4340 356 4353 .
376 4299 437 4353 377.

234 4298 255 4455 'i
275 4342 309 4446 Eo,
321 4318 362 4455 dig
376 4390 504 4457 (Τίμαιος)
520 4390 677 4456 Orbadarou
694 4394 744 4457 μὲν
761 4396 912 4461 κατηγορεῖ,
931 4390 1144 4461 διόπιΔιονυσίου
1163 4391 1339 4459 ποιησαμένου
1357 4386 1404 4460 τὴν

159 4484 317 4552 ἀνακομιδὴν
336 4486 364 4536 ἐκ
378 4481 495 4543 Σικελίας
513 4484 551 4543 εἰς
566 4479 696 4552 Κόρινθον
715 4484 743 4535 ἐν
759 4482 849 4555 μακρᾷ
868 4481 916 4550 νηῒ,
937 4480 1092 4546 θεοπομπός
1110 4500 1187 4552 φησιν
1206 4482 1233 4535 ἐν
1251 4480 1402 4553 στρογγύλῃ

161 4575 360 4643 amburebantur
378 4574 423 4626 τὸν
441 4572 582 4627 Διονύσιον.
621 4576 653 4628 ol.
675 4574 798 4639 Broeker,
817 4590 843 4642 p.
865 4572 907 4629 22.
1207 4576 1210 4581 '

235 4658 257 4729 ⁸)
279 4665 385 4733 Vclqu,
404 4680 432 4732 p.
454 4663 514 4718 101.
