3392 5300
654 413 876 480 „55-

146 593 234 661 nulla
257 615 307 664 res
330 596 373 662 sit
385 598 419 681 ¹),
444 595 524 663 nihil
547 594 611 661 iarn
635 592 803 660 dubitabit.
844 593 1007 661 Demetrio
1031 600 1137 662 autem
1160 617 1292 664 cacum
1308 595 1388 665 Roo-

22 727 23 730 ’
145 703 248 786 sigero
278 706 324 790 (p.
354 706 413 790 38)
442 701 600 770 tribuendi
627 701 718 770 nulla
749 701 943 790 probabilior
977 723 1072 770 causa
1106 706 1238 792 proferri
1272 709 1386 792 potest,

146 815 255 878 contra
270 811 386 878 Suidae
409 813 565 879 rationem
588 814 713 879 omnino
732 813 894 899 reputanti
909 817 943 878 et
958 812 1104 899 Dionysii
1119 811 1387 900 PsPlutarchique

145 922 227 987 vitas
252 922 447 1008 comparanti
470 921 549 988 rnihi
572 924 706 1002 constat,
731 920 810 986 nihil
834 920 921 988 aliud
945 920 988 988 ad
1009 920 1206 988 Demetrium
1229 923 1387 1008 pertinere

145 1049 239 1115 quarn
267 1029 492 1096 dissensionem
520 1028 612 1094 fliam
648 1028 688 1094 ab
716 1027 883 1116 Hermippi
918 1031 1120 1115 sententia2).
1173 1028 1386 1114 Roesigerum‚

144 1157 214 1203 curn
238 1157 300 1204 non
324 1136 427 1204 solum
450 1136 509 1203 illa
531 1136 647 1203 Suidae
671 1136 781 1218 verba,
811 1136 868 1202 sed
896 1138 993 1203 etiarn
1015 1134 1177 1203 Plutarchi
1207 1140 1248 1225 (c.
1275 1139 1311 1223 i)
1338 1157 1388 1202 re·

20 1279 21 1314 ;
144 1244 296 1312 lationem
319 1249 380 1310 ιῖτε
402 1241 444 1321 ὥς
469 1268 549 1320 τινος
571 1246 695 1326 λέγουσι
720 1247 775 1310 τὸν
797 1245 970 1331 ὡρισμένον
997 1247 1120 1328 μισθὸν
1137 1246 1306 1330 Ἰσοκράτει
1336 1269 1387 1309 τε-

144 1352 232 1416 λέσαι
258 1354 301 1438 μὴ
329 1353 505 1437 δυνάμενος
509 1403 521 1430 ‚
548 1354 604 1428 τὰς
631 1353 708 1417 δέκα
735 1357 835 1435 μνᾶς,
863 1353 918 1416 διὰ
948 1354 1004 1439 τὴν
1032 1352 1196 1440 ιἰρφοινίαν
1222 1352 1387 1419 Demetrio

20 1449 21 1462 ³
143 1460 268 1540 tribuit,
298 1482 486 1549 magnopere
515 1462 668 1528 erravisse
697 1461 779 1526 infra
801 1461 934 1548 patebit.
982 1461 1209 1548 Hermippeum
1232 1461 1322 1527 illem
1347 1461 1385 1528 dc

143 1567 232 1634 Isaeo
261 1567 483 1636 Demosthenis
512 1571 715 1656 praeceptore
745 1566 932 1634 relationem
959 1568 1125 1656 plerosque
1159 1573 1283 1637 secutos
1318 1590 1386 1636 esse

141 1673 374 1743 PsPlutarohus
397 1695 453 1742 nos
477 1676 597 1759 edocet,
623 1679 699 1758 281,
725 1677 744 1740 5
768 1676 810 1752 ὡς
833 1677 864 1741 δ’
888 1676 918 1741 οἱ
941 1677 1084 1742 πλεῖστοι
1107 1677 1266 1761 (ἔφασαν)
1284 1678 1387 1760 Ἰσαίῳ

19 1771 21 1828 ἓ
142 1785 197 1848 κτλ
225 1805 325 1872 neque
354 1783 450 1850 aliam
479 1786 564 1850 vitae
593 1789 719 1851 nostrae
747 1783 887 1851 tradunt.
935 1783 1087 1872 Perpauci
1112 1785 1245 1852 Isocrati
1268 1783 1385 1850 Demo

142 1893 262 1960 sthenis
278 1891 449 1958 oratoriam
464 1894 695 1962 institutionem
711 1892 960 1975 vindicaverunt,
978 1892 1087 1960 eodem
1099 1891 1273 1960 Plutarcho
1288 1897 1384 1958 teste:

142 2001 302 2082 σχολάσας
308 1999 476 2087 Ἰσοκράτει
492 1998 533 2076 ὥς
549 2023 631 2076 τινες
646 2000 773 2086 ἔφασαν
778 2030 789 2080 ,·
806 2000 844 2067 de
857 2000 997 2085 Hegesia
1008 2000 1165 2084 Magnete,
1183 2021 1244 2087 quo
1256 2004 1385 2066 auctore

142 2108 371 2176 Demosthenes
394 2113 427 2176 et
443 2108 590 2176 Isocratis
614 2114 647 2175 et
664 2109 747 2176 isaei
770 2108 947 2196 disciplinis
970 2131 1045 2178 usus
1068 2113 1118 2176 est
1141 2110 1192 2196 (l),
1216 2109 1299 2175 infra
1322 2109 1385 2174 dis-

141 2217 333 2304 putabimus.
359 2217 422 2284 Sed
435 2217 612 2284 lsocratoae
626 2217 703 2283 artis
715 2237 843 2303 prorsus
854 2222 1017 2306 expertem
1029 2216 1276 2284 Demosthenem
1288 2217 1384 2283 tuisse

141 2325 225 2392 idern
236 2323 428 2413 Hermippus
444 2327 573 2410 negavit
585 2324 724 2394 Ctesibio
740 2330 877 2408 auctore,
895 2327 949 2414 qni
965 2327 997 2392 in
1008 2325 1090 2392 libro
1103 2327 1178 2410 περὶ
1191 2326 1385 2409 φιλοσοφίας

141 2434 292 2521 inscripto
315 2432 463 2502 Isocratis
492 2433 687 2521 aliorumque
716 2434 877 2502 rhetorum
906 2438 992 2501 artes
1019 2455 1091 2500 eum
1120 2432 1287 2518 diligenter
1314 2452 1385 2519 per·

141 2544 328 2611 tractavisse
352 2546 537 2608 narraverat
560 2539 660 2629 (Plut.
686 2562 711 2608 c.
730 2543 775 2628 5).
816 2541 868 2611 Ad
891 2542 1024 2609 eundern
1040 2540 1250 2628 Hermippum
1271 2538 1382 2622 redire,

140 2672 221 2739 quae
237 2648 471 2717 PsPlutarohus
495 2652 570 2732 281,
597 2654 637 2718 17
662 2673 709 2739 sq.
735 2654 768 2717 et
784 2650 897 2717 Suides
913 2651 960 2737 (Ι)
985 2654 1052 2717 v.9
1076 2672 1123 2737 sq.
1149 2649 1278 2737 (West.)
1303 2646 1384 2715 alins

140 2758 237 2825 aliurn
261 2758 411 2846 supplens
435 2758 474 2824 de
498 2760 608 2825 eadem
630 2781 664 2826 re
689 2760 852 2847 praebent,
877 2758 1143 2826 verisimillimum
1166 2759 1260 2843 σεῖ’).

232 2865 279 2933 Hx
295 2866 404 2933 eodem
415 2864 579 2933 Plutarchi
592 2869 643 2954 (5)
656 2869 760 2954 capita
773 2868 932 2949 discimus,
949 2866 1159 2953 Hermippum
1170 2868 1203 2931 in
1216 2865 1381 2950 anonymis

141 2975 373 3043 commentariis
390 2976 541 3061 scripturn
557 2976 711 3042 invenisse
728 2975 765 3041 de
781 2972 916 3042 Platone
929 2974 1152 3041 Demosthenis
1168 2976 1381 3061 praeceptore.

140 3083 229 3163 Quod
253 3083 336 3149 idern
360 3105 380 3149 a
402 3082 500 3150 Snida
524 3083 584 3171 (1),
608 3082 731 3151 Zosimo
756 3086 832 3166 288,
859 3086 901 3149 38
924 3104 989 3169 sq.,
1014 3080 1228 3151 PsPlutarcho
1253 3084 1335 3163 281,
1362 3084 1381 3145 l

140 3191 343 3273 testificatur,
368 3194 422 3279 qui
446 3212 516 3259 curn
539 3176 753 3278 Thucydidem
777 3212 847 3258 oum
872 3189 1065 3257 aemulatum
1090 3212 1158 3256 esse
1180 3188 1284 3270 addit,
1313 3209 1383 3255 cum

140 3298 263 3366 Zosimo
293 3302 373 3380 298,
404 3301 446 3365 45
475 3321 570 3367 unam
600 3300 792 3387 eandemque
816 3320 854 3367 ac
878 3318 949 3365 mea
972 3297 1097 3385 quidem
1120 3299 1279 3365 sententia
1302 3296 1383 3362 Her-

140 3410 300 3495 mippeam
323 3406 526 3474 traditionem
551 3411 701 3495 sequitur.
750 3406 868 3487 Quodsi
890 3405 1158 3474 PsPlutarcheum
1186 3405 1290 3472 locum
1319 3407 1383 3470 iam

140 3518 265 3603 saepius
289 3513 464 3581 adhibitum
489 3518 585 3603 (281,
616 3518 718 3603 5-8)
742 3517 921 3582 universum
945 3514 1211 3604 contemplamur,
1236 3516 1280 3579 sic
1304 3512 1383 3578 iudi-

141 3623 275 3691 candum
298 3622 375 3687 mihi
399 3622 532 3705 videtur,
557 3626 729 3690 maximam
753 3627 877 3711 partem
901 3644 972 3689 eum
988 3622 1157 3709 Hermippi
1178 3621 1320 3704 vestigiis
1336 3622 1383 3686 in·

140 3734 266 3811 sistere,
298 3728 354 3793 sed
383 3729 415 3793 in
443 3750 513 3794 eam
542 3752 637 3815 quarn
665 3750 747 3797 nuno
775 3729 902 3795 exhibet
930 3732 1065 3795 formam
1094 3752 1113 3794 a
1140 3729 1291 3815 scriptore
1319 3728 1383 3793 De-

140 3838 253 3903 metrio
281 3856 343 3903 non
371 3839 528 3924 superiore
556 3838 719 3905 redactum
748 3858 830 3920 esse,
861 3839 935 3921 nisi,
968 3837 1001 3903 id
1028 3838 1112 3923 quod
1140 3837 1218 3902 mihi
1247 3836 1381 3920 videtur,

216 4162 236 4230 ¹)
255 4166 343 4221 Aliter
362 4165 456 4231 Gebh,
475 4182 501 4233 p.
523 4164 564 4219 12.

215 4252 236 4321 ¹)
256 4258 329 4322 Quae
347 4256 427 4311 verba
446 4272 527 4324 supra
545 4256 598 4309 iam
619 4255 791 4323 scripseram,
816 4271 878 4309 eum
896 4256 938 4309 vir
956 4253 1028 4308 doct.
1053 4257 1071 4306 l.
1097 4257 1115 4307 l.
1140 4271 1166 4321 p.
1189 4254 1241 4307 124
1264 4256 1293 4307 et
1313 4255 1382 4308 Geb-

143 4346 257 4400 hardnm
276 4364 303 4415 p.
325 4346 358 4400 12
377 4346 448 4400 idem
468 4346 627 4399 iudicavisse
646 4346 775 4400 intellexi.
809 4346 842 4399 of.
863 4346 951 4410 Βοιὼ,
970 4347 1009 4399 De
1027 4344 1127 4399 Suidee
1145 4344 1381 4413 biographioorum

143 4436 245 4507 origine
265 4441 292 4490 et
310 4436 372 4501 fide,
391 4436 419 4489 in
440 4436 568 4491 Fleckeis.
589 4438 679 4491 annal.
700 4439 764 4489 torn.
783 4438 874 4505 suppl.
906 4434 984 4501 1880,
1003 4453 1030 4504 p.
1049 4434 1112 4489 473.

214 4522 237 4593 ⁸)
256 4527 289 4582 A.
315 4526 453 4595 Schmin,
480 4528 536 4591 „Zu
559 4527 612 4583 den
630 4526 809 4601 Fragmenteo
833 4526 881 4584 des
899 4526 1044 4599 Hermipp“
1065 4526 1092 4580 in
1113 4525 1211 4583 Pbilol.
1250 4526 1313 4581 tom.
1334 4524 1382 4593 v1,

141 4634 168 4687 p.
188 4616 341 4671 uui-430.
