3392 5300
743 388 964 516 -Qu-

233 615 405 685 Plutarcho
430 640 456 686 c.
483 621 502 684 6
532 617 721 686 rhetoricam
749 619 908 686 officinam
934 619 1080 688 redolent
1101 621 1228 688 Libanii
1256 622 1335 690 haec
1363 623 1473 690 verba:

232 728 312 810 perui
334 733 441 811 persor
467 728 597 804 τούτους
621 729 692 803 τοὺς
714 727 842 808 ἀγῶνας
865 729 969 815 βραχὺ
992 733 1029 820 τῇ
1049 730 1154 816 ἡλικία
1177 733 1353 818 προελθών
1378 749 1475 816 σοφι-

233 835 355 899 στεύειν
368 836 573 922 ἐνεχείρησεν,
589 840 645 900 εἶτ’
660 835 862 916 ἀπαλλαγείς
877 837 991 902 τούτου
1005 839 1216 926 συνηγόρησεν
1230 841 1267 904 ἐν
1277 840 1477 927 δικαστηρίῳ,

234 944 357 1019 τούτοις
380 945 411 1009 δ’
433 941 541 1032 ὥσπερ
563 951 746 1029 γυμνασίοις
768 945 966 1033 χρησάμενος
987 947 1043 1011 ent
1068 948 1103 1011 τὸ
1130 947 1329 1034 δημαγωγεῖν
1355 951 1408 1013 καί
1437 950 1476 1012 τὰ

235 1055 287 1138 τῆς
309 1052 435 1127 πόλεως
458 1051 611 1140 πράττειν
632 1050 746 1140 ἦλθεν.

324 1158 409 1239 Quae
432 1165 500 1227 tum
524 1161 563 1228 de
578 1163 717 1250 corporis
733 1163 820 1229 vitiis
835 1162 1062 1252 rhetoricisque
1077 1163 1191 1232 studiis
1207 1163 1292 1251 apud
1306 1164 1475 1231 Libanium

233 1268 473 1356 subsequuntur,
497 1291 689 1359 quamquam
710 1271 803 1358 plura
823 1270 922 1337 aliam
936 1273 1072 1338 formam
1087 1272 1250 1360 praebent,
1275 1277 1382 1340 tamen
1398 1275 1474 1361 quin

234 1375 274 1443 ad
298 1378 430 1445 candem
453 1378 493 1444 ad
516 1395 611 1466 quam
635 1380 736 1448 adhuc
759 1384 901 1448 tractata
921 1380 1054 1448 redeant
1075 1382 1209 1469 stirpem
1232 1381 1313 1448 nihil
1336 1381 1472 1448 dubitari

234 1490 349 1573 potest.
388 1486 496 1555 Priore
520 1494 611 1575 parte
635 1488 782 1556 absolute
797 1489 948 1556 Libunius
971 1490 1025 1577 qui
1047 1494 1127 1573 tum,
1151 1510 1223 1558 cum
1243 1490 1474 1558 Demosthenes

235 1595 267 1659 in
288 1593 421 1681 publicis
440 1597 533 1664 rebus
549 1599 668 1664 versari
683 1597 908 1682 ingrederetur,
933 1596 1126 1665 Graecamm
1141 1619 1246 1664 rerum
1261 1599 1357 1664 fuerit
1371 1604 1475 1666 status

234 1703 404 1790 explanare
420 1706 541 1792 incipit,
566 1706 604 1774 de
620 1728 684 1794 qua
698 1711 799 1793 parte,
824 1727 896 1773 cum
912 1708 981 1772 vita
994 1728 1057 1773 uon
1073 1708 1197 1791 integra
1210 1708 1252 1774 ed
1268 1728 1325 1774 nos
1340 1709 1473 1791 venerit,

232 1811 313 1878 nihil
328 1813 464 1880 iudicare
480 1814 565 1882 licet.
606 1815 747 1882 Duarum
763 1815 862 1900 igitur
877 1815 1014 1882 vitarum
1029 1815 1225 1902 comparatio
1240 1836 1277 1882 co
1297 1837 1355 1883 nos
1377 1816 1473 1899 ducit,

232 1923 269 1986 ut
284 1921 322 2004 ei,
347 1943 440 2008 quam
458 1923 540 1989 inter
555 1921 900 1991 Pseudo-Plutarchum
915 1921 1150 2011 Photianasque
1166 1925 1359 1992 intercedere
1379 1947 1476 2013 supra

233 2030 485 2116 comprobavissc
508 2032 587 2098 mihi
610 2031 727 2114 videor,
751 2034 868 2099 rationi
890 2032 1063 2100 consimilis
1086 2034 1169 2100 inter
1191 2032 1356 2102 Plutarchi
1379 2035 1476 2101 Liba-

233 2137 338 2224 niique
362 2141 445 2206 vitas
468 2141 638 2208 statuenda
660 2143 712 2208 sit.

323 2247 413 2315 Nunc
441 2249 504 2314 iam
529 2251 562 2316 in
584 2248 748 2318 Plutarchi
772 2252 840 2317 vita
863 2250 1073 2317 examinanda
1094 2271 1228 2338 pergens
1251 2272 1361 2320 omnes
1383 2275 1475 2340 prae·

233 2357 369 2424 monitos
393 2378 461 2424 esse
485 2358 567 2442 uolo,
592 2357 794 2426 Gebhardum
818 2359 1009 2426 seutentiam
1033 2379 1104 2426 eam
1127 2359 1206 2425 mihi
1228 2381 1291 2427 non
1312 2360 1473 2447 probasse,

232 2485 296 2551 qua
319 2485 388 2552 cpp.
408 2467 538 2531 12-27
563 2487 614 2532 res
636 2466 721 2532 dorni
742 2466 939 2554 militiaeque
954 2471 1070 2550 gestus,
1095 2488 1208 2550 mores,
1232 2468 1335 2555 quoad
1351 2469 1475 2535 adrem

232 2573 390 2661 publicam
414 2576 622 2663 pertinerent,
651 2578 699 2642 ita
721 2575 856 2642 describi
879 2576 1090 2657 existimavit,
1119 2580 1156 2642 ut
1179 2596 1217 2642 ex
1243 2579 1399 2665 ,stirpe¹‘,
1424 2580 1474 2645 cui

233 2704 302 2771 cpp.
329 2685 449 2767 5-11,
477 2687 607 2751 28—31
635 2686 807 2751 maximam
830 2688 955 2771 partem
978 2684 1085 2751 deberi
1109 2687 1139 2752 ei
1161 2688 1231 2754 visa
1253 2690 1327 2753 suut
1349 2708 1475 2774 quaque

232 2813 282 2859 res
305 2792 429 2879 publice
453 2797 561 2877 gestae
585 2793 769 2860 brevissime
793 2792 1001 2860 adumbratae
1023 2799 1139 2874 essem,
1166 2795 1297 2861 notitias
1320 2795 1475 2882 quasdam

230 2904 441 2987 transpositas
464 2922 532 2969 csse
556 2905 724 2989 appareret
747 2904 792 2987 (p.
812 2903 880 2987 16).
920 2900 1131 2969 Diversitates
1154 2903 1238 2968 enim
1261 2924 1340 2989 quas
1363 2903 1475 2971 doctus

232 3010 280 3074 vir
303 3010 385 3076 iuter
408 3032 477 3098 cpp.
504 3012 629 3093 5-11,
660 3013 790 3078 28—31
818 3014 851 3077 et
874 3030 944 3097 cpp.
969 3014 1005 3093 4,
1037 3014 1167 3077 12-27
1193 3013 1322 3094 statuit,
1347 3017 1475 3098 practer

231 3139 326 3183 unam
349 3118 466 3186 nullius
489 3118 641 3185 momenti
669 3123 752 3185 sunt.
799 3117 929 3185 Summo
958 3122 1064 3185 autam
1091 3120 1158 3185 iure
1181 3118 1386 3204 Roesigerum
1415 3121 1474 3186 im-

199 3232 201 3235 ’
232 3229 398 3312 pugnavit,
429 3228 483 3316 qui
506 3226 712 3294 Plutarchum
736 3228 801 3292 fere
825 3228 931 3293 omnia
955 3247 973 3292 e
1000 3228 1140 3293 fontibus
1168 3228 1233 3294 suis
1259 3229 1472 3315 exscripsisse,

230 3334 311 3400 nihil
334 3335 398 3401 fere
422 3356 438 3401 e
463 3356 520 3401 suu
542 3336 641 3427 ipsius
666 3334 809 3401 doctrine
836 3333 982 3401 attulisse
1010 3338 1157 3422 opinatus
1184 3339 1249 3417 cst,
1278 3336 1335 3401 sed
1361 3335 1473 3403 ardore

230 3441 328 3510 verba
342 3440 515 3525 Plutarchi,
540 3446 814 3531 quantumcunque
838 3443 906 3509 lieri
927 3448 1043 3530 potest,
1068 3465 1085 3509 e
1102 3442 1326 3511 Demosthenis
1340 3443 1473 3510 Aeschi-

230 3553 340 3639 uisque
364 3552 556 3619 orationibus
579 3552 742 3619 derivandi
764 3572 801 3618 eo
825 3552 975 3639 abreptus
998 3557 1057 3635 est,
1080 3558 1118 3618 ut
1139 3552 1204 3618 iere
1224 3553 1332 3619 omnia
1346 3574 1385 3618 ea
1400 3572 1472 3619 cum

230 3661 448 3728 historicorum
477 3661 699 3748 rhetorumquo
727 3660 934 3727 relationibus
962 3682 983 3725 a
1004 3657 1175 3727 Plutarcho
1203 3662 1273 3747 ipso
1296 3662 1473 3747 composita

231 3790 298 3836 esse
322 3769 510 3857 persuadere
533 3770 624 3836 nobis
647 3770 796 3835 studeret.
845 3766 932 3847 Quae
954 3769 1051 3852 igitur
1073 3768 1151 3833 mihi
1174 3768 1214 3834 de
1237 3769 1387 3835 intricata
1412 3768 1472 3835 hac

229 3879 413 3966 quaestione
436 3898 456 3944 a
479 3876 647 3944 Gebhardo
671 3898 795 3945 summa
817 3897 889 3944 cum
912 3897 986 3943 cure
1012 3881 1153 3943 tractata
1181 3876 1361 3959 videantur,
1390 3896 1473 3944 nunc

229 3986 353 4073 plenius
366 3988 563 4074 expositurus
575 4008 653 4053 sum.
689 3984 880 4053 Plutarchus
891 3989 1059 4072 postquam
1072 3984 1111 4050 dc
1123 4005 1244 4069 genere,
1261 3986 1471 4069 institutione,

230 4096 375 4162 oratoriis
399 4095 511 4162 studiis
534 4094 757 4163 Demosthenis
781 4116 818 4161 ex
841 4094 1000 4160 uberrima
1023 4094 1158 4160 materia
1184 4114 1211 4160 c.
1237 4098 1355 4159 4-11
1387 4114 1472 4160 com·
1539 4146 1542 4149 .

231 4204 349 4291 posuit,
378 4204 450 4270 inde
479 4226 499 4270 a
526 4224 552 4271 c.
579 4208 636 4287 12,
665 4204 698 4270 id
720 4204 804 4291 quod
827 4201 930 4271 solum
954 4203 983 4268 ei
1006 4202 1159 4288 principio
1182 4203 1378 4288 propositum
1402 4206 1474 4267 erat

230 4316 271 4399 (c.
302 4313 353 4399 3),
389 4312 459 4377 ἀπὸ
488 4317 549 4378 τῶν
576 4312 724 4401 πράξεων
751 4312 804 4377 καὶ
833 4315 885 4397 τῆς
912 4312 1075 4385 πολιτείας
1101 4330 1205 4376 mores
1233 4310 1367 4376 oratoris
1402 4330 1472 4375 sese

230 4420 462 4488 illustraturum
491 4441 559 4489 esse
587 4422 655 4508 ipse
683 4421 858 4507 profitetur.
911 4420 1017 4506 Atque
1045 4420 1228 4505 priusquam
1256 4417 1297 4483 ad
1329 4416 1472 4501 singulus

229 4549 280 4595 res
303 4530 456 4596 memoria
478 4530 633 4616 imprimis
657 4529 767 4613 dignas
791 4528 983 4596 enarrandas
1006 4530 1158 4609 transeat,
1183 4527 1216 4592 in
1235 4527 1414 4593 uniuersum
1431 4517 1471 4591 de

229 4636 404 4707 rationibus
427 4636 676 4708 aDemostbene
699 4636 732 4708 in
754 4637 847 4709 rebus
870 4634 995 4728 publice
1016 4634 1160 4722 gerendis
1175 4633 1327 4701 adhibitis
1343 4634 1473 4701 disserit

1656 821 1681 886 ui
