<?xml version="1.0" encoding="UTF-8"?>
<!DOCTYPE html PUBLIC "-//W3C//DTD XHTML 1.0 Transitional//EN"
    "http://www.w3.org/TR/xhtml1/DTD/xhtml1-transitional.dtd">
<html xmlns="http://www.w3.org/1999/xhtml" xml:lang="en" lang="en">
 <head>
  <title>
</title>
<meta http-equiv="Content-Type" content="text/html;charset=utf-8" />
  <meta name='ocr-system' content='tesseract 3.04.00' />
  <meta name='ocr-capabilities' content='ocr_page ocr_carea ocr_par ocr_line ocrx_word'/>
</head>
<body>
  <div class='ocr_page' id='page_1' title='image "./defontibusdemos02sturgoog_0062.png"; bbox 0 0 3392 5300; ppageno 0'>
   <div class='ocr_carea' id='block_1_1' title="bbox 806 393 1027 461">
    <p class='ocr_par' dir='ltr' id='par_1_1' title="bbox 806 393 1027 461">
     <span class='ocr_line' id='line_1_1' title="bbox 806 393 1027 461; baseline 0 -19"><span class='ocrx_word' id='word_1_1' title='bbox 806 393 1027 461; x_wconf 61' lang='lat'>..53-</span> 
     </span>
    </p>
   </div>
   <div class='ocr_carea' id='block_1_2' title="bbox 277 571 1538 1417">
    <p class='ocr_par' dir='ltr' id='par_1_2' title="bbox 277 571 1538 1417">
     <span class='ocr_line' id='line_1_2' title="bbox 277 571 1538 661; baseline 0.001 -24"><span class='ocrx_word' id='word_1_2' title='bbox 277 571 378 652; x_wconf 35' lang='lat' dir='ltr'>,Quae</span> <span class='ocrx_word' id='word_1_3' title='bbox 404 573 509 654; x_wconf 89' lang='lat' dir='ltr'>verba,</span> <span class='ocrx_word' id='word_1_4' title='bbox 534 575 658 642; x_wconf 87' lang='lat' dir='ltr'>etiamsi</span> <span class='ocrx_word' id='word_1_5' title='bbox 683 595 779 660; x_wconf 90' lang='lat' dir='ltr'>supra</span> <span class='ocrx_word' id='word_1_6' title='bbox 801 573 957 640; x_wconf 74' lang='lat' dir='ltr'>Demetrii</span> <span class='ocrx_word' id='word_1_7' title='bbox 980 595 1093 642; x_wconf 92' lang='lat' dir='ltr'>nomen</span> <span class='ocrx_word' id='word_1_8' title='bbox 1116 573 1332 657; x_wconf 89' lang='lat' dir='ltr'>concedamus,</span> <span class='ocrx_word' id='word_1_9' title='bbox 1358 578 1433 661; x_wconf 90' lang='lat' dir='ltr'>post</span> <span class='ocrx_word' id='word_1_10' title='bbox 1455 572 1538 640; x_wconf 91' lang='lat' dir='ltr'>Her-</span> 
     </span>
     <span class='ocr_line' id='line_1_3' title="bbox 292 681 1538 769; baseline 0 -23"><span class='ocrx_word' id='word_1_11' title='bbox 292 682 391 768; x_wconf 91' lang='lat' dir='ltr'>mippi</span> <span class='ocrx_word' id='word_1_12' title='bbox 416 685 555 748; x_wconf 89' lang='lat' dir='ltr'>aetatem</span> <span class='ocrx_word' id='word_1_13' title='bbox 578 681 672 748; x_wconf 80' lang='lat' dir='ltr'><strong>scribi</strong></span> <span class='ocrx_word' id='word_1_14' title='bbox 693 682 833 769; x_wconf 91' lang='lat' dir='ltr'>potuisse</span> <span class='ocrx_word' id='word_1_15' title='bbox 850 683 975 749; x_wconf 88' lang='lat' dir='ltr'>omnino</span> <span class='ocrx_word' id='word_1_16' title='bbox 991 682 1170 767; x_wconf 88' lang='lat' dir='ltr'>negandum</span> <span class='ocrx_word' id='word_1_17' title='bbox 1186 688 1244 765; x_wconf 79' lang='lat' dir='ltr'>est,</span> <span class='ocrx_word' id='word_1_18' title='bbox 1267 687 1304 748; x_wconf 88' lang='lat' dir='ltr'>ut</span> <span class='ocrx_word' id='word_1_19' title='bbox 1319 682 1358 750; x_wconf 91' lang='lat' dir='ltr'>de</span> <span class='ocrx_word' id='word_1_20' title='bbox 1373 681 1538 750; x_wconf 88' lang='lat' dir='ltr'>levissima</span> 
     </span>
     <span class='ocr_line' id='line_1_4' title="bbox 291 787 1537 877; baseline 0 -21"><span class='ocrx_word' id='word_1_21' title='bbox 291 787 453 876; x_wconf 86' lang='lat' dir='ltr'>Roesigeri</span> <span class='ocrx_word' id='word_1_22' title='bbox 478 793 524 877; x_wconf 92' lang='lat' dir='ltr'>(p.</span> <span class='ocrx_word' id='word_1_23' title='bbox 543 792 601 876; x_wconf 80' lang='lat'>36)</span> <span class='ocrx_word' id='word_1_24' title='bbox 626 791 805 858; x_wconf 87' lang='lat' dir='ltr'>coniectura</span> <span class='ocrx_word' id='word_1_25' title='bbox 827 795 962 873; x_wconf 75' lang='lat' dir='ltr'>mecam,</span> <span class='ocrx_word' id='word_1_26' title='bbox 986 791 1042 859; x_wconf 90' lang='lat' dir='ltr'>sed</span> <span class='ocrx_word' id='word_1_27' title='bbox 1066 793 1172 858; x_wconf 89' lang='lat' dir='ltr'>omnia</span> <span class='ocrx_word' id='word_1_28' title='bbox 1192 791 1344 876; x_wconf 79' lang='lat' dir='ltr'>originem</span> <span class='ocrx_word' id='word_1_29' title='bbox 1360 789 1537 877; x_wconf 86' lang='lat' dir='ltr'>Hermippo</span> 
     </span>
     <span class='ocr_line' id='line_1_5' title="bbox 293 898 1537 985; baseline 0 -21"><span class='ocrx_word' id='word_1_30' title='bbox 293 899 485 984; x_wconf 89' lang='lat' dir='ltr'>superiorem</span> <span class='ocrx_word' id='word_1_31' title='bbox 502 899 701 985; x_wconf 68' lang='lat' dir='ltr'>apertissime</span> <span class='ocrx_word' id='word_1_32' title='bbox 718 903 868 982; x_wconf 89' lang='lat' dir='ltr'>arguunt:</span> <span class='ocrx_word' id='word_1_33' title='bbox 897 900 1094 966; x_wconf 77' lang='lat' dir='ltr'>coacervatio</span> <span class='ocrx_word' id='word_1_34' title='bbox 1112 898 1170 965; x_wconf 90' lang='lat' dir='ltr'>illa</span> <span class='ocrx_word' id='word_1_35' title='bbox 1191 899 1353 966; x_wconf 88' lang='lat' dir='ltr'>nominum</span> <span class='ocrx_word' id='word_1_36' title='bbox 1376 899 1431 984; x_wconf 92' lang='lat' dir='ltr'>(iis</span> <span class='ocrx_word' id='word_1_37' title='bbox 1454 919 1537 984; x_wconf 87' lang='lat' dir='ltr'>quac</span> 
     </span>
     <span class='ocr_line' id='line_1_6' title="bbox 293 1005 1537 1094; baseline 0 -22"><span class='ocrx_word' id='word_1_38' title='bbox 293 1006 332 1072; x_wconf 90' lang='lat' dir='ltr'>de</span> <span class='ocrx_word' id='word_1_39' title='bbox 355 1005 494 1089; x_wconf 81' lang='lat' dir='ltr'>Hegesia</span> <span class='ocrx_word' id='word_1_40' title='bbox 516 1009 659 1074; x_wconf 92' lang='lat' dir='ltr'>novimus</span> <span class='ocrx_word' id='word_1_41' title='bbox 683 1008 864 1094; x_wconf 87' lang='lat' dir='ltr'>aptissima)</span> <span class='ocrx_word' id='word_1_42' title='bbox 887 1007 961 1074; x_wconf 90' lang='lat' dir='ltr'>inde</span> <span class='ocrx_word' id='word_1_43' title='bbox 983 1009 1052 1075; x_wconf 91' lang='lat' dir='ltr'>siue</span> <span class='ocrx_word' id='word_1_44' title='bbox 1075 1007 1170 1075; x_wconf 90' lang='lat' dir='ltr'>dubio</span> <span class='ocrx_word' id='word_1_45' title='bbox 1194 1012 1265 1074; x_wconf 89' lang='lat' dir='ltr'>orta</span> <span class='ocrx_word' id='word_1_46' title='bbox 1288 1012 1347 1090; x_wconf 90' lang='lat' dir='ltr'>est,</span> <span class='ocrx_word' id='word_1_47' title='bbox 1371 1005 1455 1094; x_wconf 89' lang='lat' dir='ltr'>quod</span> <span class='ocrx_word' id='word_1_48' title='bbox 1472 1006 1537 1072; x_wconf 91' lang='lat' dir='ltr'>De-</span> 
     </span>
     <span class='ocr_line' id='line_1_7' title="bbox 292 1113 1535 1202; baseline -0.001 -22"><span class='ocrx_word' id='word_1_49' title='bbox 292 1113 472 1182; x_wconf 88' lang='lat' dir='ltr'>mosthenes</span> <span class='ocrx_word' id='word_1_50' title='bbox 496 1136 635 1181; x_wconf 90' lang='lat' dir='ltr'>summus</span> <span class='ocrx_word' id='word_1_51' title='bbox 659 1120 755 1202; x_wconf 86' lang='lat' dir='ltr'>atque</span> <span class='ocrx_word' id='word_1_52' title='bbox 779 1115 1025 1202; x_wconf 84' lang='lat' dir='ltr'>perfectissimus</span> <span class='ocrx_word' id='word_1_53' title='bbox 1049 1121 1154 1183; x_wconf 88' lang='lat' dir='ltr'>orator</span> <span class='ocrx_word' id='word_1_54' title='bbox 1182 1137 1221 1182; x_wconf 91' lang='lat' dir='ltr'>ex</span> <span class='ocrx_word' id='word_1_55' title='bbox 1249 1136 1356 1182; x_wconf 89' lang='lat' dir='ltr'>eorum</span> <span class='ocrx_word' id='word_1_56' title='bbox 1384 1115 1438 1201; x_wconf 92' lang='lat' dir='ltr'>qui</span> <span class='ocrx_word' id='word_1_57' title='bbox 1467 1117 1535 1180; x_wconf 91' lang='lat' dir='ltr'>tum</span> 
     </span>
     <span class='ocr_line' id='line_1_8' title="bbox 292 1221 1534 1310; baseline -0.001 -22"><span class='ocrx_word' id='word_1_58' title='bbox 292 1221 428 1288; x_wconf 88' lang='lat' dir='ltr'>Athenis</span> <span class='ocrx_word' id='word_1_59' title='bbox 444 1223 476 1288; x_wconf 92' lang='lat' dir='ltr'>in</span> <span class='ocrx_word' id='word_1_60' title='bbox 492 1221 703 1309; x_wconf 91' lang='lat' dir='ltr'>philosophia,</span> <span class='ocrx_word' id='word_1_61' title='bbox 728 1223 761 1288; x_wconf 90' lang='lat' dir='ltr'>iu</span> <span class='ocrx_word' id='word_1_62' title='bbox 776 1221 922 1310; x_wconf 88' lang='lat' dir='ltr'>populari</span> <span class='ocrx_word' id='word_1_63' title='bbox 938 1222 1128 1310; x_wconf 89' lang='lat' dir='ltr'>eloquentia,</span> <span class='ocrx_word' id='word_1_64' title='bbox 1152 1225 1186 1291; x_wconf 92' lang='lat' dir='ltr'>in</span> <span class='ocrx_word' id='word_1_65' title='bbox 1201 1223 1345 1290; x_wconf 89' lang='lat' dir='ltr'>doctrina</span> <span class='ocrx_word' id='word_1_66' title='bbox 1366 1221 1534 1304; x_wconf 87' lang='lat' dir='ltr'>rhetorica,</span> 
     </span>
     <span class='ocr_line' id='line_1_9' title="bbox 291 1329 1533 1417; baseline -0.001 -21"><span class='ocrx_word' id='word_1_67' title='bbox 291 1332 325 1396; x_wconf 91' lang='lat' dir='ltr'>iu</span> <span class='ocrx_word' id='word_1_68' title='bbox 346 1331 464 1417; x_wconf 90' lang='lat' dir='ltr'>privati</span> <span class='ocrx_word' id='word_1_69' title='bbox 485 1331 561 1396; x_wconf 90' lang='lat' dir='ltr'>iuris</span> <span class='ocrx_word' id='word_1_70' title='bbox 584 1329 717 1396; x_wconf 87' lang='lat' dir='ltr'>scientia</span> <span class='ocrx_word' id='word_1_71' title='bbox 733 1329 941 1413; x_wconf 87' lang='lat' dir='ltr'>excellebant,</span> <span class='ocrx_word' id='word_1_72' title='bbox 964 1331 1163 1398; x_wconf 88' lang='lat' dir='ltr'>institutione</span> <span class='ocrx_word' id='word_1_73' title='bbox 1179 1331 1331 1417; x_wconf 79' lang='lat' dir='ltr'>prodiisse</span> <span class='ocrx_word' id='word_1_74' title='bbox 1347 1330 1533 1414; x_wconf 86' lang='lat' dir='ltr'>fingebatur.</span> 
     </span>
    </p>
   </div>
   <div class='ocr_carea' id='block_1_3' title="bbox 180 1426 1535 1526">
    <p class='ocr_par' dir='ltr' id='par_1_3' title="bbox 180 1426 1535 1526">
     <span class='ocr_line' id='line_1_10' title="bbox 180 1426 1535 1526; baseline -0.001 -21"><span class='ocrx_word' id='word_1_75' title='bbox 180 1426 183 1434; x_wconf 33' lang='lat'><strong><em>¹</em></strong></span> <span class='ocrx_word' id='word_1_76' title='bbox 292 1438 487 1526; x_wconf 89' lang='lat' dir='ltr'>Hermippus</span> <span class='ocrx_word' id='word_1_77' title='bbox 503 1439 631 1526; x_wconf 79' lang='lat' dir='ltr'>primm,</span> <span class='ocrx_word' id='word_1_78' title='bbox 656 1443 692 1504; x_wconf 92' lang='lat' dir='ltr'>ut</span> <span class='ocrx_word' id='word_1_79' title='bbox 708 1438 841 1520; x_wconf 89' lang='lat' dir='ltr'>videtur,</span> <span class='ocrx_word' id='word_1_80' title='bbox 866 1439 1015 1506; x_wconf 86' lang='lat' dir='ltr'>Isocratis</span> <span class='ocrx_word' id='word_1_81' title='bbox 1031 1438 1231 1526; x_wconf 80' lang='lat' dir='ltr'>disciplinam</span> <span class='ocrx_word' id='word_1_82' title='bbox 1245 1439 1365 1520; x_wconf 88' lang='lat' dir='ltr'>reiecit,</span> <span class='ocrx_word' id='word_1_83' title='bbox 1387 1437 1535 1504; x_wconf 90' lang='lat' dir='ltr'>Platonis</span> 
     </span>
    </p>
   </div>
   <div class='ocr_carea' id='block_1_4' title="bbox 290 1544 1582 4123">
    <p class='ocr_par' dir='ltr' id='par_1_4' title="bbox 290 1544 1582 4123">
     <span class='ocr_line' id='line_1_11' title="bbox 292 1544 1535 1634; baseline -0.002 -20"><span class='ocrx_word' id='word_1_84' title='bbox 292 1552 324 1614; x_wconf 92' lang='lat' dir='ltr'>et</span> <span class='ocrx_word' id='word_1_85' title='bbox 347 1547 429 1613; x_wconf 89' lang='lat' dir='ltr'>lsaei</span> <span class='ocrx_word' id='word_1_86' title='bbox 455 1547 549 1612; x_wconf 89' lang='lat' dir='ltr'>certis</span> <span class='ocrx_word' id='word_1_87' title='bbox 572 1547 761 1633; x_wconf 91' lang='lat' dir='ltr'>quibusdam</span> <span class='ocrx_word' id='word_1_88' title='bbox 784 1547 979 1634; x_wconf 85' lang='lat' dir='ltr'>temporibus</span> <span class='ocrx_word' id='word_1_89' title='bbox 1001 1547 1191 1632; x_wconf 77' lang='lat' dir='ltr'>assignavit,</span> <span class='ocrx_word' id='word_1_90' title='bbox 1220 1567 1322 1633; x_wconf 92' lang='lat' dir='ltr'>ucque</span> <span class='ocrx_word' id='word_1_91' title='bbox 1348 1546 1448 1614; x_wconf 89' lang='lat' dir='ltr'>aliam</span> <span class='ocrx_word' id='word_1_92' title='bbox 1471 1544 1535 1612; x_wconf 89' lang='lat' dir='ltr'>De·</span> 
     </span>
     <span class='ocr_line' id='line_1_12' title="bbox 292 1653 1535 1742; baseline 0 -20"><span class='ocrx_word' id='word_1_93' title='bbox 292 1656 424 1722; x_wconf 90' lang='lat' dir='ltr'>metrius</span> <span class='ocrx_word' id='word_1_94' title='bbox 447 1653 576 1738; x_wconf 88' lang='lat' dir='ltr'>Magnes</span> <span class='ocrx_word' id='word_1_95' title='bbox 600 1654 768 1742; x_wconf 91' lang='lat' dir='ltr'>protulisse</span> <span class='ocrx_word' id='word_1_96' title='bbox 792 1655 917 1722; x_wconf 90' lang='lat' dir='ltr'>videtur</span> <span class='ocrx_word' id='word_1_97' title='bbox 939 1656 1145 1738; x_wconf 85' lang='lat' dir='ltr'>sententiam,</span> <span class='ocrx_word' id='word_1_98' title='bbox 1174 1655 1407 1742; x_wconf 88' lang='lat' dir='ltr'>quodquidam</span> <span class='ocrx_word' id='word_1_99' title='bbox 1435 1653 1535 1722; x_wconf 91' lang='lat' dir='ltr'>oPs·</span> 
     </span>
     <span class='ocr_line' id='line_1_13' title="bbox 291 1759 1535 1851; baseline 0.002 -23"><span class='ocrx_word' id='word_1_100' title='bbox 291 1759 455 1829; x_wconf 86' lang='lat' dir='ltr'>Plutarchi</span> <span class='ocrx_word' id='word_1_101' title='bbox 480 1763 583 1830; x_wconf 91' lang='lat' dir='ltr'>verbis</span> <span class='ocrx_word' id='word_1_102' title='bbox 608 1767 688 1846; x_wconf 78' lang='lat'>281,</span> <span class='ocrx_word' id='word_1_103' title='bbox 714 1765 733 1830; x_wconf 83' lang='lat'>5</span> <span class='ocrx_word' id='word_1_104' title='bbox 757 1765 933 1832; x_wconf 89' lang='lat' dir='ltr'>necessario</span> <span class='ocrx_word' id='word_1_105' title='bbox 956 1765 1171 1851; x_wconf 87' lang='lat' dir='ltr'>consequitor,</span> <span class='ocrx_word' id='word_1_106' title='bbox 1199 1785 1280 1850; x_wconf 89' lang='lat' dir='ltr'>qnae</span> <span class='ocrx_word' id='word_1_107' title='bbox 1303 1764 1331 1830; x_wconf 91' lang='lat' dir='ltr'>si</span> <span class='ocrx_word' id='word_1_108' title='bbox 1354 1763 1535 1830; x_wconf 89' lang='lat' dir='ltr'>Demetrius</span> 
     </span>
     <span class='ocr_line' id='line_1_14' title="bbox 292 1870 1533 1958; baseline -0.002 -20"><span class='ocrx_word' id='word_1_109' title='bbox 292 1872 332 1938; x_wconf 90' lang='lat' dir='ltr'>ab</span> <span class='ocrx_word' id='word_1_110' title='bbox 348 1870 517 1957; x_wconf 91' lang='lat' dir='ltr'>Hermippi</span> <span class='ocrx_word' id='word_1_111' title='bbox 533 1873 689 1938; x_wconf 87' lang='lat' dir='ltr'>sententia</span> <span class='ocrx_word' id='word_1_112' title='bbox 706 1871 913 1954; x_wconf 87' lang='lat' dir='ltr'>discessisset,</span> <span class='ocrx_word' id='word_1_113' title='bbox 934 1871 1010 1958; x_wconf 91' lang='lat' dir='ltr'>quid</span> <span class='ocrx_word' id='word_1_114' title='bbox 1025 1871 1086 1940; x_wconf 92' lang='lat' dir='ltr'>sibi</span> <span class='ocrx_word' id='word_1_115' title='bbox 1102 1871 1232 1954; x_wconf 88' lang='lat' dir='ltr'>vellent,</span> <span class='ocrx_word' id='word_1_116' title='bbox 1258 1872 1424 1940; x_wconf 89' lang='lat' dir='ltr'>obscurum</span> <span class='ocrx_word' id='word_1_117' title='bbox 1438 1876 1533 1939; x_wconf 89' lang='lat' dir='ltr'>esset.</span> 
     </span>
     <span class='ocr_line' id='line_1_15' title="bbox 292 1978 1535 2067; baseline 0 -21"><span class='ocrx_word' id='word_1_118' title='bbox 292 1979 339 2046; x_wconf 90' lang='lat' dir='ltr'>De</span> <span class='ocrx_word' id='word_1_119' title='bbox 357 1978 567 2046; x_wconf 89' lang='lat' dir='ltr'>Plutarcheae</span> <span class='ocrx_word' id='word_1_120' title='bbox 584 1981 774 2046; x_wconf 86' lang='lat' dir='ltr'>narrationis</span> <span class='ocrx_word' id='word_1_121' title='bbox 790 1982 831 2066; x_wconf 88' lang='lat' dir='ltr'>(o.</span> <span class='ocrx_word' id='word_1_122' title='bbox 851 1981 887 2066; x_wconf 83' lang='lat'>5)</span> <span class='ocrx_word' id='word_1_123' title='bbox 905 1984 1031 2047; x_wconf 89' lang='lat' dir='ltr'>auctore</span> <span class='ocrx_word' id='word_1_124' title='bbox 1054 1979 1134 2046; x_wconf 92' lang='lat' dir='ltr'>nihil</span> <span class='ocrx_word' id='word_1_125' title='bbox 1156 1980 1235 2048; x_wconf 80' lang='lat' dir='ltr'>cert-i</span> <span class='ocrx_word' id='word_1_126' title='bbox 1258 1979 1389 2047; x_wconf 89' lang='lat' dir='ltr'>iudicari</span> <span class='ocrx_word' id='word_1_127' title='bbox 1412 1983 1535 2067; x_wconf 82' lang='lat' dir='ltr'>potest3</span> 
     </span>
     <span class='ocr_line' id='line_1_16' title="bbox 292 2085 1535 2176; baseline 0.001 -23"><span class='ocrx_word' id='word_1_128' title='bbox 292 2087 332 2153; x_wconf 92' lang='lat' dir='ltr'>ab</span> <span class='ocrx_word' id='word_1_129' title='bbox 349 2085 488 2172; x_wconf 88' lang='lat' dir='ltr'>Hegesia</span> <span class='ocrx_word' id='word_1_130' title='bbox 512 2108 548 2153; x_wconf 89' lang='lat' dir='ltr'>co</span> <span class='ocrx_word' id='word_1_131' title='bbox 573 2109 668 2174; x_wconf 88' lang='lat' dir='ltr'>quam</span> <span class='ocrx_word' id='word_1_132' title='bbox 689 2090 825 2155; x_wconf 92' lang='lat' dir='ltr'>maxime</span> <span class='ocrx_word' id='word_1_133' title='bbox 846 2087 962 2170; x_wconf 86' lang='lat' dir='ltr'>differt,</span> <span class='ocrx_word' id='word_1_134' title='bbox 986 2088 1069 2176; x_wconf 91' lang='lat' dir='ltr'>quod</span> <span class='ocrx_word' id='word_1_135' title='bbox 1085 2088 1334 2156; x_wconf 88' lang='lat' dir='ltr'>Demosthenem</span> <span class='ocrx_word' id='word_1_136' title='bbox 1349 2110 1419 2155; x_wconf 93' lang='lat' dir='ltr'>cum</span> <span class='ocrx_word' id='word_1_137' title='bbox 1436 2091 1535 2154; x_wconf 81' lang='lat' dir='ltr'>ctiam</span> 
     </span>
     <span class='ocr_line' id='line_1_17' title="bbox 291 2196 1537 2283; baseline 0.001 -20"><span class='ocrx_word' id='word_1_138' title='bbox 291 2197 324 2263; x_wconf 89' lang='lat' dir='ltr'>in</span> <span class='ocrx_word' id='word_1_139' title='bbox 347 2200 485 2262; x_wconf 87' lang='lat' dir='ltr'>tutorum</span> <span class='ocrx_word' id='word_1_140' title='bbox 510 2218 605 2262; x_wconf 91' lang='lat' dir='ltr'>manu</span> <span class='ocrx_word' id='word_1_141' title='bbox 629 2201 713 2262; x_wconf 91' lang='lat' dir='ltr'>esset</span> <span class='ocrx_word' id='word_1_142' title='bbox 736 2196 816 2264; x_wconf 91' lang='lat' dir='ltr'>Isaei</span> <span class='ocrx_word' id='word_1_143' title='bbox 841 2198 1040 2264; x_wconf 89' lang='lat' dir='ltr'>institutione</span> <span class='ocrx_word' id='word_1_144' title='bbox 1061 2197 1218 2265; x_wconf 89' lang='lat' dir='ltr'>imbutum</span> <span class='ocrx_word' id='word_1_145' title='bbox 1233 2217 1302 2266; x_wconf 90' lang='lat' dir='ltr'>esse</span> <span class='ocrx_word' id='word_1_146' title='bbox 1318 2218 1387 2265; x_wconf 91' lang='lat' dir='ltr'>oum</span> <span class='ocrx_word' id='word_1_147' title='bbox 1403 2196 1537 2283; x_wconf 89' lang='lat' dir='ltr'>reliquis</span> 
     </span>
     <span class='ocr_line' id='line_1_18' title="bbox 291 2304 1533 2392; baseline -0.001 -22"><span class='ocrx_word' id='word_1_148' title='bbox 291 2305 366 2372; x_wconf 91' lang='lat' dir='ltr'>vitis</span> <span class='ocrx_word' id='word_1_149' title='bbox 396 2305 617 2372; x_wconf 89' lang='lat' dir='ltr'>convenienter</span> <span class='ocrx_word' id='word_1_150' title='bbox 645 2305 783 2391; x_wconf 86' lang='lat' dir='ltr'>exponit.</span> <span class='ocrx_word' id='word_1_151' title='bbox 836 2304 948 2391; x_wconf 87' lang='lat' dir='ltr'>ltaque</span> <span class='ocrx_word' id='word_1_152' title='bbox 976 2304 1127 2389; x_wconf 86' lang='lat' dir='ltr'>Roesiger</span> <span class='ocrx_word' id='word_1_153' title='bbox 1155 2308 1200 2392; x_wconf 91' lang='lat' dir='ltr'>(p.</span> <span class='ocrx_word' id='word_1_154' title='bbox 1231 2307 1304 2391; x_wconf 83' lang='lat'>38),</span> <span class='ocrx_word' id='word_1_155' title='bbox 1341 2304 1424 2390; x_wconf 90' lang='lat' dir='ltr'>quod</span> <span class='ocrx_word' id='word_1_156' title='bbox 1455 2325 1481 2371; x_wconf 93' lang='lat' dir='ltr'>c.</span> <span class='ocrx_word' id='word_1_157' title='bbox 1512 2304 1533 2369; x_wconf 85' lang='lat'>5</span> 
     </span>
     <span class='ocr_line' id='line_1_19' title="bbox 292 2411 1536 2496; baseline 0 -18"><span class='ocrx_word' id='word_1_158' title='bbox 292 2414 389 2479; x_wconf 90' lang='lat' dir='ltr'>verba</span> <span class='ocrx_word' id='word_1_159' title='bbox 416 2416 477 2476; x_wconf 74' lang='lat' dir='ltr'>alra</span> <span class='ocrx_word' id='word_1_160' title='bbox 502 2452 541 2460; x_wconf 94' lang='lat'><em>-</em></span> <span class='ocrx_word' id='word_1_161' title='bbox 567 2412 729 2496; x_wconf 76' lang='grc' dir='ltr'>ὀρφανίαν</span> <span class='ocrx_word' id='word_1_162' title='bbox 757 2433 827 2480; x_wconf 92' lang='lat' dir='ltr'>cum</span> <span class='ocrx_word' id='word_1_163' title='bbox 856 2412 954 2480; x_wconf 88' lang='lat' dir='ltr'>Suida</span> <span class='ocrx_word' id='word_1_164' title='bbox 980 2436 1006 2480; x_wconf 92' lang='lat' dir='ltr'>s.</span> <span class='ocrx_word' id='word_1_165' title='bbox 1035 2435 1065 2480; x_wconf 91' lang='lat' dir='ltr'>v.</span> <span class='ocrx_word' id='word_1_166' title='bbox 1090 2414 1203 2490; x_wconf 70' lang='grc' dir='ltr'><strong><em>Ἰσαῖος</em></strong></span> <span class='ocrx_word' id='word_1_167' title='bbox 1232 2413 1352 2480; x_wconf 87' lang='lat' dir='ltr'>collata</span> <span class='ocrx_word' id='word_1_168' title='bbox 1378 2411 1536 2479; x_wconf 90' lang='lat' dir='ltr'>Demetrii</span> 
     </span>
     <span class='ocr_line' id='line_1_20' title="bbox 292 2518 1535 2602; baseline 0 -16"><span class='ocrx_word' id='word_1_169' title='bbox 292 2543 360 2587; x_wconf 91' lang='lat' dir='ltr'>esse</span> <span class='ocrx_word' id='word_1_170' title='bbox 389 2521 537 2602; x_wconf 90' lang='lat' dir='ltr'>coniecit,</span> <span class='ocrx_word' id='word_1_171' title='bbox 568 2541 606 2586; x_wconf 94' lang='lat' dir='ltr'>ex</span> <span class='ocrx_word' id='word_1_172' title='bbox 635 2520 745 2586; x_wconf 90' lang='lat' dir='ltr'>codem</span> <span class='ocrx_word' id='word_1_173' title='bbox 768 2518 931 2588; x_wconf 88' lang='lat' dir='ltr'>Demetrio</span> <span class='ocrx_word' id='word_1_174' title='bbox 955 2519 1119 2588; x_wconf 86' lang='lat' dir='ltr'>Plutarchi</span> <span class='ocrx_word' id='word_1_175' title='bbox 1146 2521 1185 2589; x_wconf 89' lang='lat' dir='ltr'>de</span> <span class='ocrx_word' id='word_1_176' title='bbox 1210 2520 1397 2588; x_wconf 82' lang='lat' dir='ltr'>Callistrato</span> <span class='ocrx_word' id='word_1_177' title='bbox 1425 2542 1535 2588; x_wconf 81' lang='lat' dir='ltr'>narra·</span> 
     </span>
     <span class='ocr_line' id='line_1_21' title="bbox 290 2613 1533 2717; baseline 0.001 -21"><span class='ocrx_word' id='word_1_178' title='bbox 290 2632 410 2697; x_wconf 90' lang='lat' dir='ltr'>tionem</span> <span class='ocrx_word' id='word_1_179' title='bbox 426 2630 564 2717; x_wconf 89' lang='lat' dir='ltr'>repetiit,</span> <span class='ocrx_word' id='word_1_180' title='bbox 589 2613 695 2697; x_wconf 83' lang='lat' dir='ltr'>secum</span> <span class='ocrx_word' id='word_1_181' title='bbox 711 2630 886 2716; x_wconf 88' lang='lat' dir='ltr'>pugnantia</span> <span class='ocrx_word' id='word_1_182' title='bbox 900 2631 1023 2699; x_wconf 87' lang='lat' dir='ltr'>statuit.</span> <span class='ocrx_word' id='word_1_183' title='bbox 1063 2628 1270 2699; x_wconf 87' lang='lat' dir='ltr'>Plutarchum</span> <span class='ocrx_word' id='word_1_184' title='bbox 1286 2629 1367 2698; x_wconf 89' lang='lat' dir='ltr'>nihil</span> <span class='ocrx_word' id='word_1_185' title='bbox 1387 2627 1533 2697; x_wconf 83' lang='lat' dir='ltr'>attulisse</span> 
     </span>
     <span class='ocr_line' id='line_1_22' title="bbox 291 2737 1534 2827; baseline 0 -24"><span class='ocrx_word' id='word_1_186' title='bbox 291 2738 375 2824; x_wconf 91' lang='lat' dir='ltr'>quod</span> <span class='ocrx_word' id='word_1_187' title='bbox 398 2758 460 2804; x_wconf 90' lang='lat' dir='ltr'>non</span> <span class='ocrx_word' id='word_1_188' title='bbox 483 2740 516 2802; x_wconf 92' lang='lat' dir='ltr'>in</span> <span class='ocrx_word' id='word_1_189' title='bbox 539 2738 625 2803; x_wconf 89' lang='lat' dir='ltr'>sonte</span> <span class='ocrx_word' id='word_1_190' title='bbox 649 2758 704 2804; x_wconf 92' lang='lat' dir='ltr'>suo</span> <span class='ocrx_word' id='word_1_191' title='bbox 728 2739 898 2821; x_wconf 90' lang='lat' dir='ltr'>invenerit,</span> <span class='ocrx_word' id='word_1_192' title='bbox 928 2744 961 2805; x_wconf 94' lang='lat' dir='ltr'>et</span> <span class='ocrx_word' id='word_1_193' title='bbox 984 2760 1040 2826; x_wconf 88' lang='lat' dir='ltr'>per</span> <span class='ocrx_word' id='word_1_194' title='bbox 1062 2761 1096 2806; x_wconf 93' lang='lat' dir='ltr'>se</span> <span class='ocrx_word' id='word_1_195' title='bbox 1119 2738 1282 2827; x_wconf 91' lang='lat' dir='ltr'>probabile</span> <span class='ocrx_word' id='word_1_196' title='bbox 1305 2742 1412 2805; x_wconf 90' lang='lat' dir='ltr'>estet</span> <span class='ocrx_word' id='word_1_197' title='bbox 1439 2737 1534 2803; x_wconf 91' lang='lat' dir='ltr'>eLi-</span> 
     </span>
     <span class='ocr_line' id='line_1_23' title="bbox 293 2846 1534 2934; baseline 0.001 -22"><span class='ocrx_word' id='word_1_198' title='bbox 293 2846 379 2912; x_wconf 91' lang='lat' dir='ltr'>banii</span> <span class='ocrx_word' id='word_1_199' title='bbox 403 2847 471 2912; x_wconf 88' lang='lat' dir='ltr'>vita</span> <span class='ocrx_word' id='word_1_200' title='bbox 493 2849 585 2933; x_wconf 76' lang='lat'>(294,</span> <span class='ocrx_word' id='word_1_201' title='bbox 611 2849 652 2913; x_wconf 81' lang='lat'>37</span> <span class='ocrx_word' id='word_1_202' title='bbox 677 2849 741 2933; x_wconf 90' lang='lat' dir='ltr'>sq.)</span> <span class='ocrx_word' id='word_1_203' title='bbox 765 2848 845 2914; x_wconf 89' lang='lat' dir='ltr'>satis</span> <span class='ocrx_word' id='word_1_204' title='bbox 869 2848 1068 2934; x_wconf 90' lang='lat' dir='ltr'>perspicuum</span> <span class='ocrx_word' id='word_1_205' title='bbox 1092 2852 1142 2914; x_wconf 89' lang='lat' dir='ltr'>est</span> <span class='ocrx_word' id='word_1_206' title='bbox 1153 2850 1186 2934; x_wconf 90' lang='lat'>¹).</span> <span class='ocrx_word' id='word_1_207' title='bbox 1226 2847 1274 2913; x_wconf 93' lang='lat' dir='ltr'>De</span> <span class='ocrx_word' id='word_1_208' title='bbox 1290 2846 1389 2913; x_wconf 87' lang='lat' dir='ltr'>Suida</span> <span class='ocrx_word' id='word_1_209' title='bbox 1403 2847 1450 2933; x_wconf 92' lang='lat' dir='ltr'>(l)</span> <span class='ocrx_word' id='word_1_210' title='bbox 1473 2846 1534 2913; x_wconf 92' lang='lat' dir='ltr'>hoc</span> 
     </span>
     <span class='ocr_line' id='line_1_24' title="bbox 291 2954 1476 3040; baseline -0.001 -19"><span class='ocrx_word' id='word_1_211' title='bbox 291 2977 386 3021; x_wconf 92' lang='lat' dir='ltr'>unum</span> <span class='ocrx_word' id='word_1_212' title='bbox 410 2959 544 3038; x_wconf 86' lang='lat' dir='ltr'>constat,</span> <span class='ocrx_word' id='word_1_213' title='bbox 570 2960 730 3023; x_wconf 86' lang='lat' dir='ltr'>auctorem</span> <span class='ocrx_word' id='word_1_214' title='bbox 754 2957 794 3023; x_wconf 92' lang='lat' dir='ltr'>ab</span> <span class='ocrx_word' id='word_1_215' title='bbox 818 2956 958 3040; x_wconf 88' lang='lat' dir='ltr'>Hegesia</span> <span class='ocrx_word' id='word_1_216' title='bbox 980 2956 1139 3022; x_wconf 87' lang='lat' dir='ltr'>divorsum</span> <span class='ocrx_word' id='word_1_217' title='bbox 1162 2954 1340 3023; x_wconf 90' lang='lat' dir='ltr'>adhibitum</span> <span class='ocrx_word' id='word_1_218' title='bbox 1363 2956 1476 3040; x_wconf 74' lang='lat' dir='ltr'>esse2).</span> 
     </span>
     <span class='ocr_line' id='line_1_25' title="bbox 382 3062 1534 3151; baseline 0 -22"><span class='ocrx_word' id='word_1_219' title='bbox 382 3062 430 3130; x_wconf 91' lang='lat' dir='ltr'>De</span> <span class='ocrx_word' id='word_1_220' title='bbox 454 3068 556 3130; x_wconf 91' lang='lat' dir='ltr'>morte</span> <span class='ocrx_word' id='word_1_221' title='bbox 580 3063 803 3131; x_wconf 90' lang='lat' dir='ltr'>Demosthenis</span> <span class='ocrx_word' id='word_1_222' title='bbox 826 3063 1054 3151; x_wconf 91' lang='lat' dir='ltr'>Hermippeam</span> <span class='ocrx_word' id='word_1_223' title='bbox 1078 3065 1267 3131; x_wconf 89' lang='lat' dir='ltr'>sententiam</span> <span class='ocrx_word' id='word_1_224' title='bbox 1287 3062 1477 3130; x_wconf 91' lang='lat' dir='ltr'>Plutarchus</span> <span class='ocrx_word' id='word_1_225' title='bbox 1500 3063 1534 3129; x_wconf 89' lang='lat' dir='ltr'>in</span> 
     </span>
     <span class='ocr_line' id='line_1_26' title="bbox 291 3165 1582 3259; baseline -0.002 -21"><span class='ocrx_word' id='word_1_226' title='bbox 291 3194 317 3238; x_wconf 93' lang='lat' dir='ltr'>c.</span> <span class='ocrx_word' id='word_1_227' title='bbox 336 3175 380 3237; x_wconf 89' lang='lat'>30</span> <span class='ocrx_word' id='word_1_228' title='bbox 401 3173 549 3238; x_wconf 90' lang='lat' dir='ltr'>servavit.</span> <span class='ocrx_word' id='word_1_229' title='bbox 590 3171 742 3239; x_wconf 86' lang='lat' dir='ltr'>Narravit</span> <span class='ocrx_word' id='word_1_230' title='bbox 757 3171 950 3258; x_wconf 91' lang='lat' dir='ltr'>Hermippus</span> <span class='ocrx_word' id='word_1_231' title='bbox 964 3170 1075 3259; x_wconf 91' lang='lat' dir='ltr'>Pappo</span> <span class='ocrx_word' id='word_1_232' title='bbox 1091 3172 1228 3258; x_wconf 90' lang='lat' dir='ltr'>quodam</span> <span class='ocrx_word' id='word_1_233' title='bbox 1244 3175 1381 3253; x_wconf 90' lang='lat' dir='ltr'>auctore,</span> <span class='ocrx_word' id='word_1_234' title='bbox 1406 3169 1533 3237; x_wconf 88' lang='lat' dir='ltr'>aliunde</span> <span class='ocrx_word' id='word_1_235' title='bbox 1579 3165 1582 3172; x_wconf 52' lang='lat'><strong>⁴</strong></span> 
     </span>
     <span class='ocr_line' id='line_1_27' title="bbox 290 3279 1534 3367; baseline -0.001 -22"><span class='ocrx_word' id='word_1_236' title='bbox 290 3301 353 3345; x_wconf 91' lang='lat' dir='ltr'>non</span> <span class='ocrx_word' id='word_1_237' title='bbox 369 3285 455 3362; x_wconf 85' lang='lat' dir='ltr'>notu,</span> <span class='ocrx_word' id='word_1_238' title='bbox 473 3280 720 3347; x_wconf 90' lang='lat' dir='ltr'>Demosthenem</span> <span class='ocrx_word' id='word_1_239' title='bbox 736 3300 856 3345; x_wconf 90' lang='lat' dir='ltr'>veneno</span> <span class='ocrx_word' id='word_1_240' title='bbox 873 3279 1024 3347; x_wconf 90' lang='lat' dir='ltr'>exhausto</span> <span class='ocrx_word' id='word_1_241' title='bbox 1041 3280 1124 3367; x_wconf 90' lang='lat' dir='ltr'>apud</span> <span class='ocrx_word' id='word_1_242' title='bbox 1136 3280 1275 3367; x_wconf 86' lang='lat' dir='ltr'>Neptrmi</span> <span class='ocrx_word' id='word_1_243' title='bbox 1293 3301 1382 3346; x_wconf 90' lang='lat' dir='ltr'>aram</span> <span class='ocrx_word' id='word_1_244' title='bbox 1394 3279 1534 3344; x_wconf 90' lang='lat' dir='ltr'>animam</span> 
     </span>
     <span class='ocr_line' id='line_1_28' title="bbox 291 3387 1534 3474; baseline 0 -21"><span class='ocrx_word' id='word_1_245' title='bbox 291 3390 460 3474; x_wconf 88' lang='lat' dir='ltr'>expirasse,</span> <span class='ocrx_word' id='word_1_246' title='bbox 485 3409 580 3474; x_wconf 92' lang='lat' dir='ltr'>quam</span> <span class='ocrx_word' id='word_1_247' title='bbox 603 3387 791 3466; x_wconf 77' lang='lat' dir='ltr'>relationem</span> <span class='ocrx_word' id='word_1_248' title='bbox 815 3408 886 3454; x_wconf 91' lang='lat' dir='ltr'>cum</span> <span class='ocrx_word' id='word_1_249' title='bbox 911 3387 983 3454; x_wconf 88' lang='lat' dir='ltr'>aliis</span> <span class='ocrx_word' id='word_1_250' title='bbox 1006 3388 1045 3454; x_wconf 89' lang='lat' dir='ltr'>de</span> <span class='ocrx_word' id='word_1_251' title='bbox 1065 3387 1289 3455; x_wconf 89' lang='lat' dir='ltr'>Demosthenis</span> <span class='ocrx_word' id='word_1_252' title='bbox 1312 3390 1414 3453; x_wconf 87' lang='lat' dir='ltr'>morte</span> <span class='ocrx_word' id='word_1_253' title='bbox 1436 3387 1534 3453; x_wconf 90' lang='lat' dir='ltr'>variis</span> 
     </span>
     <span class='ocr_line' id='line_1_29' title="bbox 291 3493 1533 3583; baseline -0.002 -21"><span class='ocrx_word' id='word_1_254' title='bbox 291 3498 456 3562; x_wconf 89' lang='lat' dir='ltr'>sententiis</span> <span class='ocrx_word' id='word_1_255' title='bbox 485 3497 674 3561; x_wconf 89' lang='lat' dir='ltr'>coniunctim</span> <span class='ocrx_word' id='word_1_256' title='bbox 702 3496 734 3560; x_wconf 93' lang='lat' dir='ltr'>in</span> <span class='ocrx_word' id='word_1_257' title='bbox 762 3493 963 3583; x_wconf 90' lang='lat' dir='ltr'>Hermippeis</span> <span class='ocrx_word' id='word_1_258' title='bbox 994 3501 1075 3579; x_wconf 69' lang='grc' dir='ltr'><strong><em>βίοις</em></strong></span> <span class='ocrx_word' id='word_1_259' title='bbox 1108 3498 1251 3562; x_wconf 85' lang='lat' dir='ltr'>extitisse</span> <span class='ocrx_word' id='word_1_260' title='bbox 1279 3494 1319 3561; x_wconf 83' lang='lat' dir='ltr'>A.</span> <span class='ocrx_word' id='word_1_261' title='bbox 1349 3494 1533 3580; x_wconf 79' lang='lat' dir='ltr'>Sohaefer³)</span> 
     </span>
     <span class='ocr_line' id='line_1_30' title="bbox 291 3602 1533 3690; baseline -0.001 -20"><span class='ocrx_word' id='word_1_262' title='bbox 291 3605 432 3670; x_wconf 88' lang='lat' dir='ltr'>coniecit.</span> <span class='ocrx_word' id='word_1_263' title='bbox 474 3604 596 3669; x_wconf 88' lang='lat' dir='ltr'>Statuit</span> <span class='ocrx_word' id='word_1_264' title='bbox 619 3604 702 3670; x_wconf 90' lang='lat' dir='ltr'>enim</span> <span class='ocrx_word' id='word_1_265' title='bbox 725 3625 754 3669; x_wconf 83' lang='lat' dir='ltr'>u.</span> <span class='ocrx_word' id='word_1_266' title='bbox 781 3604 822 3687; x_wconf 92' lang='lat' dir='ltr'>d.,</span> <span class='ocrx_word' id='word_1_267' title='bbox 848 3609 881 3670; x_wconf 92' lang='lat' dir='ltr'>et</span> <span class='ocrx_word' id='word_1_268' title='bbox 896 3604 1054 3670; x_wconf 92' lang='lat' dir='ltr'>Zosimum</span> <span class='ocrx_word' id='word_1_269' title='bbox 1078 3609 1111 3671; x_wconf 92' lang='lat' dir='ltr'>et</span> <span class='ocrx_word' id='word_1_270' title='bbox 1126 3604 1329 3690; x_wconf 85' lang='lat' dir='ltr'>Anonymum</span> <span class='ocrx_word' id='word_1_271' title='bbox 1353 3608 1386 3670; x_wconf 91' lang='lat' dir='ltr'>et</span> <span class='ocrx_word' id='word_1_272' title='bbox 1402 3602 1533 3669; x_wconf 88' lang='lat' dir='ltr'>Suidam</span> 
     </span>
     <span class='ocr_line' id='line_1_31' title="bbox 291 3710 1534 3797; baseline 0.001 -21"><span class='ocrx_word' id='word_1_273' title='bbox 291 3710 321 3797; x_wconf 92' lang='lat' dir='ltr'>(l</span> <span class='ocrx_word' id='word_1_274' title='bbox 346 3716 380 3776; x_wconf 91' lang='lat' dir='ltr'>et</span> <span class='ocrx_word' id='word_1_275' title='bbox 395 3712 470 3797; x_wconf 88' lang='lat' dir='ltr'>III),</span> <span class='ocrx_word' id='word_1_276' title='bbox 495 3732 573 3797; x_wconf 90' lang='lat' dir='ltr'>quos</span> <span class='ocrx_word' id='word_1_277' title='bbox 597 3710 636 3776; x_wconf 91' lang='lat' dir='ltr'>de</span> <span class='ocrx_word' id='word_1_278' title='bbox 659 3715 761 3779; x_wconf 87' lang='lat' dir='ltr'>morte</span> <span class='ocrx_word' id='word_1_279' title='bbox 781 3711 1006 3779; x_wconf 89' lang='lat' dir='ltr'>Demosthenis</span> <span class='ocrx_word' id='word_1_280' title='bbox 1028 3711 1139 3777; x_wconf 92' lang='lat' dir='ltr'>eadem</span> <span class='ocrx_word' id='word_1_281' title='bbox 1162 3712 1332 3778; x_wconf 89' lang='lat' dir='ltr'>traditione</span> <span class='ocrx_word' id='word_1_282' title='bbox 1355 3712 1415 3777; x_wconf 89' lang='lat' dir='ltr'>niti</span> <span class='ocrx_word' id='word_1_283' title='bbox 1438 3732 1534 3797; x_wconf 87' lang='lat' dir='ltr'>supra</span> 
     </span>
     <span class='ocr_line' id='line_1_32' title="bbox 291 3817 1533 3907; baseline -0.002 -23"><span class='ocrx_word' id='word_1_284' title='bbox 291 3818 427 3885; x_wconf 89' lang='lat' dir='ltr'>vidimus</span> <span class='ocrx_word' id='word_1_285' title='bbox 456 3821 501 3905; x_wconf 91' lang='lat' dir='ltr'>(p.</span> <span class='ocrx_word' id='word_1_286' title='bbox 533 3820 606 3904; x_wconf 78' lang='grc'>52),</span> <span class='ocrx_word' id='word_1_287' title='bbox 643 3840 681 3885; x_wconf 91' lang='lat' dir='ltr'>ex</span> <span class='ocrx_word' id='word_1_288' title='bbox 709 3819 886 3907; x_wconf 89' lang='lat' dir='ltr'>Hermippo</span> <span class='ocrx_word' id='word_1_289' title='bbox 915 3821 1072 3885; x_wconf 91' lang='lat' dir='ltr'>communi</span> <span class='ocrx_word' id='word_1_290' title='bbox 1106 3820 1194 3884; x_wconf 84' lang='lat' dir='ltr'>fonte</span> <span class='ocrx_word' id='word_1_291' title='bbox 1227 3819 1378 3885; x_wconf 90' lang='lat' dir='ltr'>hausisse.</span> <span class='ocrx_word' id='word_1_292' title='bbox 1432 3817 1533 3896; x_wconf 76' lang='lat' dir='ltr'>Quam</span> 
     </span>
     <span class='ocr_line' id='line_1_33' title="bbox 291 3924 1532 4016; baseline -0.002 -23"><span class='ocrx_word' id='word_1_293' title='bbox 291 3928 503 3993; x_wconf 87' lang='lat' dir='ltr'>coniecturam</span> <span class='ocrx_word' id='word_1_294' title='bbox 518 3927 649 4014; x_wconf 90' lang='lat' dir='ltr'>reliquis</span> <span class='ocrx_word' id='word_1_295' title='bbox 665 3932 827 4016; x_wconf 90' lang='lat' dir='ltr'>acceptam</span> <span class='ocrx_word' id='word_1_296' title='bbox 842 3929 972 3994; x_wconf 89' lang='lat' dir='ltr'>minime</span> <span class='ocrx_word' id='word_1_297' title='bbox 989 3927 1067 3993; x_wconf 90' lang='lat' dir='ltr'>mihi</span> <span class='ocrx_word' id='word_1_298' title='bbox 1083 3927 1238 4015; x_wconf 88' lang='lat' dir='ltr'>probavit.</span> <span class='ocrx_word' id='word_1_299' title='bbox 1278 3924 1421 3992; x_wconf 91' lang='lat' dir='ltr'>Primum</span> <span class='ocrx_word' id='word_1_300' title='bbox 1436 3926 1532 4008; x_wconf 91' lang='lat' dir='ltr'>enim,</span> 
     </span>
     <span class='ocr_line' id='line_1_34' title="bbox 292 4034 1533 4123; baseline -0.002 -22"><span class='ocrx_word' id='word_1_301' title='bbox 292 4035 417 4101; x_wconf 88' lang='lat' dir='ltr'>etiamsi</span> <span class='ocrx_word' id='word_1_302' title='bbox 441 4036 578 4121; x_wconf 90' lang='lat' dir='ltr'>primam</span> <span class='ocrx_word' id='word_1_303' title='bbox 594 4034 708 4102; x_wconf 86' lang='lat' dir='ltr'>Suidae</span> <span class='ocrx_word' id='word_1_304' title='bbox 729 4036 921 4123; x_wconf 89' lang='lat' dir='ltr'>particulam</span> <span class='ocrx_word' id='word_1_305' title='bbox 937 4034 978 4101; x_wconf 90' lang='lat' dir='ltr'>ad</span> <span class='ocrx_word' id='word_1_306' title='bbox 994 4034 1203 4123; x_wconf 90' lang='lat' dir='ltr'>Hermippum</span> <span class='ocrx_word' id='word_1_307' title='bbox 1219 4036 1391 4103; x_wconf 87' lang='lat' dir='ltr'>maximam</span> <span class='ocrx_word' id='word_1_308' title='bbox 1407 4038 1533 4122; x_wconf 89' lang='lat' dir='ltr'>partem</span> 
     </span>
    </p>
   </div>
   <div class='ocr_carea' id='block_1_5' title="bbox 239 4230 1533 4671">
    <p class='ocr_par' dir='ltr' id='par_1_5' title="bbox 239 4230 1533 4578">
     <span class='ocr_line' id='line_1_35' title="bbox 368 4230 1533 4305; baseline -0.001 -16"><span class='ocrx_word' id='word_1_309' title='bbox 368 4233 387 4301; x_wconf 90' lang='lat'>¹)</span> <span class='ocrx_word' id='word_1_310' title='bbox 408 4236 581 4291; x_wconf 85' lang='lat' dir='ltr'>Communem</span> <span class='ocrx_word' id='word_1_311' title='bbox 602 4238 740 4293; x_wconf 83' lang='lat' dir='ltr'>Plutarchi</span> <span class='ocrx_word' id='word_1_312' title='bbox 762 4240 790 4293; x_wconf 89' lang='lat' dir='ltr'>et</span> <span class='ocrx_word' id='word_1_313' title='bbox 808 4238 913 4293; x_wconf 79' lang='lat' dir='ltr'>libanii</span> <span class='ocrx_word' id='word_1_314' title='bbox 940 4240 1076 4293; x_wconf 85' lang='lat' dir='ltr'>auctorem</span> <span class='ocrx_word' id='word_1_315' title='bbox 1097 4230 1272 4305; x_wconf 83' lang='lat' dir='ltr'>Hermippum</span> <span class='ocrx_word' id='word_1_316' title='bbox 1298 4252 1355 4291; x_wconf 86' lang='lat' dir='ltr'>esse</span> <span class='ocrx_word' id='word_1_317' title='bbox 1373 4237 1452 4289; x_wconf 87' lang='lat' dir='ltr'>Blass</span> <span class='ocrx_word' id='word_1_318' title='bbox 1472 4234 1533 4303; x_wconf 88' lang='lat' dir='ltr'>(Ill,</span> 
     </span>
     <span class='ocr_line' id='line_1_36' title="bbox 293 4326 1202 4397; baseline 0.001 -17"><span class='ocrx_word' id='word_1_319' title='bbox 293 4329 316 4391; x_wconf 89' lang='lat'>1,</span> <span class='ocrx_word' id='word_1_320' title='bbox 336 4344 362 4395; x_wconf 92' lang='lat' dir='ltr'>p.</span> <span class='ocrx_word' id='word_1_321' title='bbox 386 4326 426 4391; x_wconf 76' lang='lat'>12,</span> <span class='ocrx_word' id='word_1_322' title='bbox 447 4330 503 4381; x_wconf 88' lang='lat' dir='ltr'>not.</span> <span class='ocrx_word' id='word_1_323' title='bbox 523 4326 550 4392; x_wconf 86' lang='lat'>3)</span> <span class='ocrx_word' id='word_1_324' title='bbox 570 4329 629 4383; x_wconf 86' lang='lat' dir='ltr'>sine</span> <span class='ocrx_word' id='word_1_325' title='bbox 648 4332 708 4383; x_wconf 89' lang='lat' dir='ltr'>ulla</span> <span class='ocrx_word' id='word_1_326' title='bbox 725 4330 860 4397; x_wconf 90' lang='lat' dir='ltr'>probabili</span> <span class='ocrx_word' id='word_1_327' title='bbox 878 4345 961 4382; x_wconf 87' lang='lat' dir='ltr'>causa</span> <span class='ocrx_word' id='word_1_328' title='bbox 978 4328 1133 4396; x_wconf 82' lang='lat' dir='ltr'>auspicatus</span> <span class='ocrx_word' id='word_1_329' title='bbox 1152 4330 1202 4381; x_wconf 86' lang='lat' dir='ltr'>est.</span> 
     </span>
     <span class='ocr_line' id='line_1_37' title="bbox 239 4413 1533 4487; baseline -0.002 -14"><span class='ocrx_word' id='word_1_330' title='bbox 239 4448 241 4453; x_wconf 95' lang='lat'>·</span> <span class='ocrx_word' id='word_1_331' title='bbox 364 4413 385 4481; x_wconf 86' lang='lat'>²)</span> <span class='ocrx_word' id='word_1_332' title='bbox 406 4417 567 4482; x_wconf 80' lang='lat' dir='ltr'>Volkmann,</span> <span class='ocrx_word' id='word_1_333' title='bbox 587 4419 605 4471; x_wconf 93' lang='lat' dir='ltr'>l.</span> <span class='ocrx_word' id='word_1_334' title='bbox 626 4434 648 4471; x_wconf 93' lang='lat' dir='ltr'>c.</span> <span class='ocrx_word' id='word_1_335' title='bbox 668 4435 693 4486; x_wconf 93' lang='lat' dir='ltr'>p.</span> <span class='ocrx_word' id='word_1_336' title='bbox 710 4418 753 4483; x_wconf 77' lang='lat'>14,</span> <span class='ocrx_word' id='word_1_337' title='bbox 772 4419 928 4472; x_wconf 81' lang='lat' dir='ltr'>Ruhnkenii</span> <span class='ocrx_word' id='word_1_338' title='bbox 947 4419 1074 4487; x_wconf 90' lang='lat' dir='ltr'>opinione</span> <span class='ocrx_word' id='word_1_339' title='bbox 1092 4417 1216 4484; x_wconf 87' lang='lat' dir='ltr'>probata,</span> <span class='ocrx_word' id='word_1_340' title='bbox 1235 4415 1332 4471; x_wconf 86' lang='lat' dir='ltr'>Suidae</span> <span class='ocrx_word' id='word_1_341' title='bbox 1345 4416 1533 4471; x_wconf 87' lang='lat' dir='ltr'>brevissimam</span> 
     </span>
     <span class='ocr_line' id='line_1_38' title="bbox 291 4505 1059 4578; baseline 0.003 -19"><span class='ocrx_word' id='word_1_342' title='bbox 291 4505 325 4559; x_wconf 88' lang='lat' dir='ltr'>de</span> <span class='ocrx_word' id='word_1_343' title='bbox 344 4505 499 4559; x_wconf 81' lang='lat' dir='ltr'>Callistrato</span> <span class='ocrx_word' id='word_1_344' title='bbox 519 4507 644 4561; x_wconf 89' lang='lat' dir='ltr'>notitiam</span> <span class='ocrx_word' id='word_1_345' title='bbox 663 4508 797 4562; x_wconf 87' lang='lat' dir='ltr'>Demetrio</span> <span class='ocrx_word' id='word_1_346' title='bbox 817 4508 935 4578; x_wconf 79' lang='lat' dir='ltr'>Magneti</span> <span class='ocrx_word' id='word_1_347' title='bbox 953 4507 1059 4564; x_wconf 80' lang='lat' dir='ltr'>tribuit</span> 
     </span>
    </p>

    <p class='ocr_par' dir='ltr' id='par_1_6' title="bbox 365 4590 788 4671">
     <span class='ocr_line' id='line_1_39' title="bbox 365 4590 788 4671; baseline 0.019 -22"><span class='ocrx_word' id='word_1_348' title='bbox 365 4590 387 4666; x_wconf 84' lang='lat'>⁸)</span> <span class='ocrx_word' id='word_1_349' title='bbox 406 4596 436 4649; x_wconf 92' lang='lat' dir='ltr'>In</span> <span class='ocrx_word' id='word_1_350' title='bbox 456 4596 554 4655; x_wconf 91' lang='lat' dir='ltr'>Philol.</span> <span class='ocrx_word' id='word_1_351' title='bbox 574 4598 594 4655; x_wconf 87' lang='lat' dir='ltr'>t.</span> <span class='ocrx_word' id='word_1_352' title='bbox 614 4598 661 4665; x_wconf 90' lang='lat' dir='ltr'>IV,</span> <span class='ocrx_word' id='word_1_353' title='bbox 679 4613 706 4671; x_wconf 83' lang='lat' dir='ltr'>p.</span> <span class='ocrx_word' id='word_1_354' title='bbox 726 4597 788 4657; x_wconf 77' lang='lat'>430.</span> 
     </span>
    </p>
   </div>
   <div class='ocr_carea' id='block_1_6' title="bbox 0 0 1700 5300">
    <p class='ocr_par' dir='ltr' id='par_1_7' title="bbox 0 0 1700 5300">
     <span class='ocr_line' id='line_1_40' title="bbox 0 0 1700 5300; baseline 0 0"><span class='ocrx_word' id='word_1_355' title='bbox 0 0 1700 5300; x_wconf 95' lang='lat' dir='ltr'> </span> 
     </span>
    </p>
   </div>
  </div>
 </body>
</html>
