3392 5300
892 431 1091 496 ..ss-

372 610 458 676 aliud
481 612 563 677 inter
578 610 709 678 Diodori
732 616 876 677 auctores
900 610 1069 678 discrimen
1091 614 1180 677 extat
1199 611 1331 676 maximi
1346 611 1503 698 ponderis,
1527 610 1609 696 quod

300 715 304 721 ’
371 720 557 786 coniecturis
580 719 664 784 omni
688 720 877 785 auctoritate
900 718 1079 784 carentibus
1100 717 1237 784 emedio
1251 717 1365 784 tollere
1380 720 1510 786 minime
1523 718 1608 784 licet

371 826 477 914 Atque
504 828 564 894 hoc
592 827 758 894 discrimen
787 827 827 893 ad
855 828 958 894 fontes
987 849 1007 892 a
1033 827 1171 894 Diodoro
1200 827 1359 894 adhibitos
1387 827 1539 894 eruendos
1577 847 1609 893 ae

371 939 455 1002 recte
479 936 692 1002 aestimandos
716 935 937 1018 gravissimum
960 939 1181 1016 argumentum
1202 956 1271 1002 esse
1295 935 1374 1002 mihi
1397 935 1528 1002 videtur.

461 1043 609 1128 Legimus
638 1045 720 1109 enim
749 1064 774 1109 c.
805 1043 863 1124 25,
899 1041 974 1108 dum
1001 1041 1113 1109 Boeoti
1142 1042 1277 1130 Delphis
1306 1041 1452 1109 auxiliari
1486 1049 1611 1130 parant,

371 1149 583 1216 Philomelam
606 1150 761 1238 templum
784 1171 875 1216 muro
897 1149 1149 1229 circumdedisse,
1173 1149 1340 1236 stipendiis
1362 1149 1493 1216 dimidio
1511 1154 1612 1217 auctis

371 1259 489 1326 multos
512 1261 720 1326 mercenarios
744 1261 892 1343 coegisse.
939 1259 1034 1326 Haud
1057 1259 1150 1326 dubie
1174 1259 1306 1326 eandem
1335 1279 1402 1325 rem
1430 1258 1513 1325 alter
1536 1259 1614 1326 Dio

372 1367 439 1433 dori
468 1371 576 1434 auctor
611 1371 652 1454 (c.
684 1369 742 1453 30)
777 1371 1092 1450 commemoraverat,
1128 1367 1184 1434 sed
1219 1366 1438 1434 additamento
1472 1389 1615 1434 summae

372 1477 570 1542 auctoritatis
593 1476 831 1562 amplificatam.
879 1475 980 1542 Addit
1003 1478 1086 1542 enim
1110 1476 1281 1543 Diodorus:
1319 1477 1554 1563 προςδεομένου
1583 1479 1615 1542 δὲ

373 1585 428 1646 τοῦ
452 1583 593 1665 πολέμου
616 1584 786 1670 χρημάτων
808 1584 981 1660 πλειόνων,
1003 1582 1198 1672 ἢναγιιάζετο
1214 1597 1278 1660 τοῖς
1292 1584 1386 1671 ἱεροῖς
1400 1582 1617 1670 ἇναθήμασιν

372 1690 539 1772 ἐπιβαλεῖν
567 1692 623 1765 τὰς
651 1703 758 1778 χεῖρας
785 1693 838 1756 καὶ
865 1693 966 1756 συλᾶν
997 1695 1031 1756 τδ
1065 1705 1225 1776 μαντεῖον.
1277 1690 1364 1770 Quae
1398 1691 1618 1778 discrepantia

372 1801 464 1862 tanta
492 1800 555 1878 est,
584 1801 704 1883 quanta
731 1819 749 1864 e
773 1798 864 1864 nulla
887 1798 952 1865 alia
974 1820 1008 1866 re
1036 1801 1097 1866 nisi
1121 1820 1138 1865 e
1161 1799 1366 1867 relationibus
1389 1819 1517 1886 prorsus
1543 1820 1617 1866 con-

371 1905 478 1970 trariis
507 1926 526 1970 a
554 1903 692 1972 Diodoro
721 1927 738 1971 e
766 1906 886 1973 duobus
914 1905 981 1973 illis
1009 1906 1148 1974 fontibus
1174 1907 1285 1994 petitis
1312 1906 1462 1994 explicari
1494 1913 1616 1992 potest.

371 2011 430 2078 Est
445 2013 528 2077 enim
545 2012 771 2098 discrepantia3
797 2035 872 2078 nam
887 2016 1023 2100 priorem
1038 2019 1198 2080 auctorem
1213 2016 1247 2081 in
1264 2015 1375 2081 eadem
1397 2035 1432 2080 re
1454 2017 1619 2081 narranda

372 2122 412 2205 (c.
445 2121 503 2204 25)
531 2119 611 2186 nihil
640 2119 678 2186 de
706 2121 827 2207 templo
856 2143 877 2186 a
898 2121 1076 2188 Philomela
1104 2121 1227 2208 direpto
1257 2124 1452 2209 exposuisse,
1482 2121 1619 2189 Diodori

370 2228 469 2294 verba
480 2228 703 2315 subsequentia
715 2229 842 2313 docent3
855 2228 1008 2296 eiusmodi
1021 2231 1104 2295 enim
1117 2249 1143 2295 c.
1159 2231 1212 2312 27,
1226 2236 1243 2293 3
1254 2231 1293 2295 ob
1307 2243 1371 2305 τοϊς
1382 2229 1475 2316 ἱεροῖς
1487 2232 1619 2317 χρήμα-

371 2355 422 2399 σιν
444 2336 661 2419 ἐπιβουλεύων
684 2341 716 2402 et
739 2339 757 2422 ξ
781 2340 802 2402 4
827 2337 946 2401 τῶνδὲ
968 2338 1140 2424 χρημάτων
1163 2339 1218 2402 τδν
1243 2338 1341 2416 λόγον
1355 2337 1417 2423 ἔφη
1432 2340 1539 2402 πᾶσιν
1557 2354 1621 2414 τοῖς

366 2440 519 2528 Ἕλλησιν
542 2441 725 2508 ἀποδώσειν
747 2445 800 2507 καὶ
825 2444 916 2508 τόντε
936 2446 1086 2527 σταθμὸν
1101 2445 1153 2509 καὶ
1170 2446 1226 2508 τὸν
1239 2443 1386 2532 διριδμὸν
1402 2449 1463 2510 τῶν
1477 2447 1619 2532 ἀναθη-

369 2551 481 2634 μάτων
503 2555 625 2634 ἕτοιμος
648 2555 730 2615 εἶναι
754 2552 974 2638 παραδιδόναι
999 2563 1071 2626 τοϊς
1085 2553 1287 2635 βουλομένοις
1307 2553 1467 2628 ἐξετάζειν
1487 2557 1620 2620 omnino

370 2680 426 2725 nes
451 2659 603 2746 suspicari
626 2662 751 2740 vetant,
777 2664 937 2725 auctorem
960 2659 1090 2725 Diodori
1115 2659 1219 2726 simile
1243 2661 1318 2746 quid
1341 2665 1437 2747 atque
1460 2662 1494 2727 in
1518 2682 1547 2728 c.
1579 2667 1620 2729 30

371 2772 429 2848 est,
455 2766 549 2853 paulo
573 2771 646 2833 ante
670 2768 858 2833 narravisse.
900 2766 961 2831 Vix
977 2769 1085 2847 timeo,
1110 2768 1234 2854 nequis
1251 2768 1355 2833 verbis
1372 2770 1449 2849 29,2
1465 2767 1621 2855 ἀτάφοις

370 2880 545 2961 placandae
561 2876 633 2949 τοὺς
648 2873 825 2962 ἱεροσύλοις
841 2874 962 2961 aliquid
977 2877 1130 2941 momenti
1150 2875 1279 2941 tribuat.
1320 2874 1366 2941 At
1390 2873 1505 2941 dixerit
1530 2880 1621 2964 quis

371 2983 471 3068 piam:
503 2982 651 3061 „Diodori
675 2982 801 3050 levitati
825 2983 952 3049 omissio
976 2982 1034 3048 illa
1057 2981 1225 3049 tribuenda
1248 2986 1298 3049 est
1313 3002 1413 3068 neque
1430 3003 1468 3047 ex
1484 2983 1621 3052 silentio

371 3094 591 3173 argumentum
613 3096 722 3178 petere
745 3090 856 3157 licet!“
898 3088 965 3173 Ego
988 3110 1160 3175 numquam
1183 3094 1220 3155 ut
1234 3089 1372 3155 Diodoro
1393 3094 1519 3157 tantam
1537 3092 1622 3160 levi-

371 3201 473 3262 tatem
487 3199 650 3284 imputem,
668 3220 688 3263 a
703 3220 753 3264 me
769 3200 941 3285 impetrare
957 3220 1095 3285 possum,
1116 3203 1241 3265 tantam
1257 3203 1374 3265 utrem
1390 3204 1458 3265 tam
1470 3221 1621 3287 gravem,

371 3304 518 3391 Delphici
541 3305 654 3391 templi
677 3304 909 3391 spoliationem,
934 3306 1184 3392 praetermisisse
1208 3327 1280 3372 eum
1304 3307 1438 3374 credam.

462 3411 511 3478 De
539 3414 642 3499 priore
671 3414 767 3496 igitur
795 3414 976 3479 narratione
1005 3415 1057 3479 vix
1093 3412 1230 3479 dubitari
1265 3418 1384 3499 potest:
1427 3414 1465 3481 de
1500 3419 1624 3505 templi

371 3520 559 3605 spoliatione
576 3525 685 3587 auctor
703 3520 758 3586 ille
770 3520 851 3587 nihil
863 3520 995 3603 dixerat,
1012 3520 1068 3587 sed
1079 3520 1162 3586 alter
1174 3519 1213 3587 de
1225 3521 1390 3605 sacrilegio
1402 3520 1624 3592 Phocensium

309 3689 312 3696 .
372 3631 468 3714 atque
493 3629 648 3714 imprimis
671 3627 841 3694 Philomeli
865 3628 990 3694 uberius
1016 3627 1206 3694 disseruerat
1228 3649 1328 3714 neque
1352 3630 1413 3695 nisi
1436 3632 1625 3699 certissima

371 3741 559 3819 argumenta
582 3737 790 3824 proferuntur,
815 3737 891 3822 quin
906 3735 1063 3803 Diodorus
1086 3737 1182 3802 fontis
1206 3737 1254 3802 sui
1274 3735 1460 3803 relationem
1476 3738 1509 3802 in
1526 3760 1556 3805 c.
1579 3744 1625 3807 30

371 3845 545 3911 rectissime
569 3844 750 3925 reddiderit,
776 3844 920 3910 dubitare
944 3844 1029 3910 licet.
1070 3843 1122 3909 Ad
1144 3844 1226 3910 hanc
1249 3864 1363 3914 meam,
1388 3865 1468 3930 quae
1484 3844 1626 3914 Haabio

371 3957 501 4038 excepto
526 3953 577 4038 qui
591 3954 614 4037 ¹)
638 3954 756 4039 primus
780 3957 876 4037 atque
899 3952 985 4019 solus
1008 3952 1120 4037 quanti
1136 3953 1288 4017 momenti
1305 3951 1345 4017 ad
1362 3950 1492 4017 Diodori
1509 3954 1626 4023 fontes

372 4059 586 4125 diiudicandus
610 4059 822 4145 discrepantia
844 4059 904 4126 illa
926 4061 983 4140 sit,
1012 4064 1097 4126 recte
1120 4060 1281 4143 cognovit,
1311 4059 1352 4124 ab
1376 4061 1533 4142 omnium,
1567 4068 1627 4150 qui

373 4167 442 4232 huic
466 4167 641 4252 quaestioni
670 4187 777 4235 euram
806 4167 1041 4254 impenderunt,
1070 4166 1267 4253 opinionibus
1295 4188 1421 4253 prorsus
1450 4166 1627 4252 abhorret,

371 4275 560 4341 sententiam
574 4275 800 4341 defendendam
813 4276 876 4340 iam
890 4295 970 4341 nuno
982 4272 1105 4360 reliqua
1116 4273 1274 4339 Diodorea
1286 4272 1392 4359 capita
1408 4273 1628 4359 inspiciamus

371 4402 497 4447 necesse
522 4386 579 4448 est.

374 4538 588 4547 --——.

446 4615 466 4685 ¹)
485 4636 512 4689 p.
532 4619 575 4674 50.
