3392 5300
851 388 1074 454 „14-

345 568 534 653 usurpantur
556 565 668 642 συλᾶν,
690 563 861 652 ἱεροσυλία,
881 564 901 652 ἢ
920 567 965 642 τίς
988 567 1023 632 τδ
1045 569 1141 632 θετον
1161 569 1362 654 nomm,
1384 567 1424 632 τὰ
1439 566 1515 652 περὶ
1530 567 1589 651 την

344 673 529 758 ἐπιμέλειαν
558 675 612 742 τοῦ
637 678 785 757 μαντείου
814 676 867 737 καὶ
898 671 998 740 τᾶλλα
1025 675 1139 740 πάντα
1166 675 1206 740 τοὶ
1232 675 1315 762 πρὸς
1340 679 1506 758 ευσίβειαν
1534 675 1589 737 καὶ

345 784 452 868 κοινὴν
475 782 541 870 είρη
546 805 603 868 νην
619 783 671 846 καί
685 779 839 866 ὁμόνοιαν
855 795 919 858 τοῖς
935 778 1088 868 Ἕλλησιν
1101 782 1274 868 ἀνήκοντα,
1295 781 1377 849 nihil
1391 781 1431 848 do
1447 783 1589 848 auctoris

344 892 443 978 ipsius
465 893 623 958 sententia
644 913 702 958 nos
725 891 824 958 docet.
850 889 974 978 Nempe
996 911 1047 958 res
1062 892 1133 978 ipsa
1154 889 1308 958 eiusmodi
1330 911 1423 958 voces
1438 889 1590 977 suppedi-

344 1000 436 1066 tavit.
474 999 563 1078 Quod
578 1003 684 1066 autem
697 997 916 1086 Volquardsen
926 1001 951 1084 ¹)
973 1000 1106 1081 monuit,
1129 997 1252 1066 nullam
1266 995 1476 1066 Phocensium
1492 999 1591 1064 mise·

346 1107 512 1174 ricordiam
535 1109 567 1174 in
591 1107 681 1174 clade
697 1103 804 1174 eorum
820 1107 1026 1176 describenda
1041 1107 1186 1194 perspici,
1210 1108 1243 1174 in
1257 1105 1396 1174 Diodoro
1419 1107 1473 1193 (cf.
1490 1127 1592 1192 supra

345 1238 376 1303 p.
395 1218 452 1302 12)
475 1216 555 1282 nihil
580 1216 674 1283 valet.
715 1215 825 1303 Neque
848 1217 951 1300 magis
966 1236 984 1282 e
999 1215 1104 1282 verbis
1120 1217 1174 1297 60,
1189 1221 1210 1278 4
1231 1213 1370 1297 οδμδνον
1384 1214 1485 1290 δόξαν
1501 1213 1592 1280 εὗσε-

345 1329 433 1406 pelag
463 1327 516 1388 καὶ
546 1325 657 1411 ἀρετῆς
684 1326 887 1410 στρατηγικῆς
914 1323 1203 1409 περιποιησάμενος
1228 1321 1314 1388 ἀλλὰ
1341 1324 1395 1388 καί
1421 1323 1504 1409 πρὸς
1533 1325 1592 1406 την

344 1433 521 1516 μέλλουσαν
544 1431 629 1510 αὐτῷ
651 1432 783 1517 αὔξησιν
804 1431 957 1511 γενέσθαι
979 1431 1106 1513 μεγάλα
1125 1431 1515 1517 προπαραωιευασοίμενος
1530 1431 1591 1494 κτλ

346 1539 384 1606 de
412 1539 516 1606 studio
544 1540 681 1606 auctoris
708 1539 784 1626 quid
811 1540 888 1606 certi
915 1537 1024 1621 colligi
1046 1543 1161 1625 potest.
1208 1536 1351 1626 Philippi
1378 1539 1463 1604 enim
1485 1537 1592 1603 admi-

347 1648 468 1714 ratione
503 1668 574 1713 eum
602 1645 767 1730 flagrasse,
802 1647 874 1734 quis
901 1667 978 1714 sano
1005 1645 1121 1714 iudicio
1148 1645 1222 1712 inde
1250 1645 1436 1714 concludat?
1475 1644 1592 1712 Alium

346 1754 431 1821 haud
454 1755 547 1821 dubie
563 1755 702 1821 animum
718 1775 744 1822 o.
763 1757 816 1838 38,
833 1761 852 1820 2
867 1754 965 1822 verba
978 1756 1116 1841 spirante
1146 1754 1283 1841 ηδξηκιίς
1296 1755 1412 1820 ἑαυτοῦ
1427 1755 1482 1838 τὴν
1497 1758 1592 1835 μασι-

347 1864 437 1927 λείαν
460 1875 527 1938 ταῖς
551 1888 583 1926 τε
607 1863 741 1950 πράξεσι
763 1865 817 1928 καί
840 1867 875 1954 τῇ
898 1863 978 1949 πρδς
1002 1865 1036 1928 aa*
1060 1867 1153 1928 θετον
1168 1863 1321 1944 εὐσεβείᾳ.
1360 1862 1461 1948 Atqui
1476 1867 1592 1928 auctor

346 1971 403 2038 ille
432 1991 482 2038 res
509 1992 529 2035 a
556 1969 706 2057 Philippo
733 1969 888 2038 Phocaico
916 1969 1001 2038 bello
1027 1975 1135 2054 gestas
1162 1971 1210 2037 ita
1236 1969 1439 2058 descripsisse
1465 1967 1592 2036 Paekio

347 2078 485 2161 videtur,
514 2080 605 2166 quasi
632 2077 837 2146 Macedonum
865 2099 920 2145 reu
946 2078 1037 2146 nulla
1063 2078 1129 2146 alia
1155 2100 1189 2146 re
1217 2080 1278 2146 nisi
1306 2101 1430 2146 summa
1456 2078 1592 2145 deorum

346 2188 466 2274 pietate
488 2207 525 2254 ac
546 2186 696 2270 religione
712 2191 873 2273 permotus
889 2185 1045 2274 Delphico
1060 2187 1181 2274 templo
1195 2186 1401 2275 Apollinique
1416 2186 1593 2254 auxiliatus

346 2300 438 2362 esset.
476 2293 582 2361 Verba
604 2315 630 2362 c.
648 2297 691 2362 38
716 2295 807 2362 modo
831 2296 932 2362 citata
946 2295 1100 2364 eiusmodi
1114 2297 1236 2362 auctori
1251 2297 1371 2384 optime
1386 2295 1591 2365 conveniunt,

346 2403 402 2470 sed
425 2403 579 2490 quomodo
602 2423 628 2470 c.
656 2405 742 2485 58,3
766 2423 837 2470 cum
860 2403 919 2470 illa
941 2406 1099 2472 sententia
1121 2406 1297 2472 consentire
1319 2404 1452 2487 cogitari
1474 2402 1592 2489 possit,

347 2510 425 2576 mihi
448 2510 574 2597 quidem
597 2511 762 2577 obscurum
785 2515 843 2578 est.
891 2510 972 2576 Sunt
995 2511 1079 2578 enim
1102 2511 1180 2578 haec
1208 2510 1242 2576 »ί
1265 2511 1300 2576 δὲ
1323 2511 1470 2592 βασιλεὺς
1491 2509 1595 2595 ἡδέος

346 2617 428 2705 ὁρῶν
452 2618 508 2703 τὴν
531 2622 723 2685 ταπείνωσιν
738 2614 855 2693 αὗτῶν,
869 2617 923 2682 καί
937 2618 1129 2701 βουλόμενος
1145 2619 1184 2683 ui
1199 2619 1380 2706 Λευκτρικὰ
1396 2616 1594 2705 φρονήματα

275 2778 277 2783 ,
346 2726 503 2789 συστεῖλαι
532 2729 593 2789 τῶν
620 2728 787 2802 Βοιωτῶν,
814 2725 938 2805 ὀλίγους
964 2728 1132 2791 απέστειλε
1158 2723 1360 2814 στρατιώτας,
1386 2726 1464 2791 aare
1487 2726 1595 2808 μόνον

294 2918 298 2932 Ι
348 2834 585 2917 φυλαττόμενος
608 2835 642 2897 τὸ
669 2834 773 2898 δοκείν
796 2836 951 2920 περιορᾶν
979 2834 1013 2898 ari
1040 2846 1191 2917 porcator
1217 2834 1435 2919 σεσυλημένον.
1480 2832 1595 2919 Atque

348 2941 425 3007 haec
453 2944 485 3007 in
508 2962 545 3008 ao
569 2943 672 3029 eapite
700 2940 861 3025 leguntur,
890 2941 974 3029 quod
996 2962 1153 3009 summam
1176 2942 1329 3028 pietatem
1353 2940 1595 3028 Volquardseno

348 3054 381 3116 at
396 3048 514 3115 Packio
535 3071 611 3136 prae
635 3071 669 3116 se
692 3052 773 3117 ferre
796 3049 934 3117 videtur!
970 3050 1200 3133 Argumentum
1221 3051 1319 3134 igitur
1341 3047 1422 3115 illud
1444 3070 1462 3115 e
1485 3049 1595 3116 colore

348 3158 535 3223 narrationis
564 3159 698 3243 petitum
727 3160 759 3223 in
787 3177 813 3223 c.
840 3158 973 3223 58-60
1000 3156 1080 3223 nihil
1108 3158 1246 3244 proficit,
1281 3156 1337 3225 sed
1365 3158 1468 3243 ipsum
1490 3156 1596 3223 alium

348 3268 507 3331 auctorem
531 3272 627 3352 atque
650 3269 683 3331 in
707 3286 776 3352 cpp.
795 3268 939 3348 aar-33,
964 3267 1097 3332 35-40
1113 3265 1290 3331 adhibitum
1306 3286 1374 3333 csse
1390 3267 1595 3352 apertissime

349 3374 552 3441 demonstrat.
591 3372 724 3441 Omnino
748 3378 856 3439 autem
880 3375 984 3461 opinio
1005 3373 1064 3439 illa
1075 3372 1306 3461 Volquardscni
1320 3371 1432 3439 Paclrii
1447 3378 1598 3439 extrema

251 3568 253 3575 y
347 3481 504 3548 Diodorea
526 3486 617 3567 parte
640 3481 805 3547 refellitur.

439 3588 576 3655 Transeo
604 3609 686 3656 nunc
714 3588 755 3655 ad
777 3609 804 3655 c.
830 3592 964 3655 61--64
987 3591 1163 3655 accuratius
1185 3588 1392 3677 inspicienda,
1421 3589 1454 3654 in
1476 3589 1597 3675 quibus

347 3698 598 3779 δεισιδαιμονίαν
630 3699 945 3785 superstitionemque
980 3718 1075 3785 quam
1102 3698 1274 3763 maximam
1302 3701 1410 3763 extare
1438 3695 1596 3763 facillime

347 3804 467 3871 duobus
490 3802 557 3870 illis
581 3805 726 3888 concedo,
751 3826 882 3892 quorum
905 3806 1074 3888 sententia,
1097 3807 1131 3871 in
1149 3804 1209 3872 hac
1225 3803 1356 3871 Diodori
1375 3808 1466 3891 parte
1482 3808 1598 3871 aucto·

347 3933 413 3978 ram
441 3910 533 3977 illurn
562 3932 587 3977 c.
615 3915 747 3979 28-40
772 3954 813 3963 —
837 3913 1109 3997 religiosissimum
1132 3952 1175 3961 -
1198 3932 1366 3999 apparere,
1394 3916 1598 3995 argumentis

347 4041 420 4085 mea
442 4020 568 4106 quidem
592 4023 750 4087 sententia
772 4023 968 4106 gravissimis
991 4021 1203 4088 confirmatur.

420 4127 593 4195 'Diodorus
621 4130 654 4195 in
676 4129 790 4195 ultima
812 4127 891 4194 belli
913 4130 1103 4195 narrationis
1127 4131 1218 4214 parte
1240 4125 1398 4213 supplicia
1420 4127 1599 4212 sacrilego-

347 4256 416 4300 rum
444 4234 675 4302 illustratorum
703 4258 736 4303 se
760 4257 828 4303 esse
852 4238 920 4323 ipse
944 4236 1109 4323 profitetur
1131 4237 1205 4322 (61,
1230 4236 1274 4321 1);
1303 4255 1378 4299 nam
1400 4254 1462 4299 non
1486 4236 1598 4303 solum

349 4342 420 4418 τούς
443 4348 605 4419 αυθέντας
628 4347 680 4430 τῆς
702 4343 888 4431 ίεροσολίας,
910 4342 965 4409 sed
988 4344 1086 4409 etiam
1107 4362 1214 4408 omnes
1230 4341 1475 4429 quibuscumque
1492 4364 1599 4428 quae-

424 4580 443 4641 1)
463 4600 488 4650 p.
510 4582 569 4635 112.
