3392 5300
773 463 995 538 ⁸..52...

262 648 359 722 Suida
373 647 563 722 rhetoricam
579 649 783 720 traditionem
799 656 981 741 sequuntur,
998 673 1094 739 quam
1105 649 1239 718 Libanio
1255 669 1378 739 quoque
1394 654 1504 718 notam

262 763 358 830 luisse
382 785 477 850 supra
501 761 645 828 vidimus,
687 760 751 828 Sed
773 781 812 828 ex
835 759 899 826 alio
923 761 1009 836 fonte
1033 758 1192 827 Zosimum
1215 781 1254 826 ex
1277 758 1350 826 aliis
1373 759 1504 845 Anony-

261 891 348 938 mum
371 876 404 938 et
426 869 557 936 Suidam
581 868 783 936 traditionem
807 867 899 934 illam
921 868 1064 934 hausisse
1091 889 1154 934 non
1183 867 1287 934 solum
1315 867 1390 934 ordo
1419 867 1503 954 apud

260 977 419 1054 Zosimum
446 981 587 1046 mutatus
615 975 670 1044 sed
698 977 796 1043 etiam
824 976 1054 1062 discrepantiae
1083 976 1254 1043 nonnullae
1281 977 1363 1042 satis
1382 974 1502 1062 liquido

261 1086 475 1173 comprobant.
521 1084 663 1152 Eundem
686 1087 769 1152 enim
794 1086 943 1151 vitiomm
966 1105 1130 1152 numemm
1153 1107 1174 1149 a
1196 1085 1320 1152 Zosimo
1344 1084 1502 1172 Suidaque

260 1195 345 1266 tradi
367 1196 432 1261 iam
456 1194 538 1277 dixi3
562 1195 614 1260 hic
638 1192 733 1275 addo,
760 1193 902 1260 ordinem
925 1213 1033 1273 eorum
1056 1193 1140 1280 apud
1163 1193 1293 1260 Suidam
1317 1198 1350 1259 et
1373 1192 1502 1278 Anony-

260 1325 346 1369 mum
362 1302 495 1369 eundem
516 1323 593 1370 esse.
634 1301 682 1369 De
704 1302 981 1368 exercitationibus
1004 1301 1129 1386 singula
1152 1323 1295 1390 quaeque
1316 1287 1502 1388 'comparare

259 1431 322 1480 non
346 1432 423 1499 opus
447 1414 510 1491 est,
539 1409 697 1476 Zosimum
726 1413 759 1476 et
781 1408 986 1496 Anonymum
1013 1429 1076 1475 non
1104 1409 1213 1476 eodem
1241 1409 1415 1496 exemplari
1443 1410 1500 1475 niti

260 1518 383 1585 abunde
398 1519 463 1584 iam
479 1518 729 1586 demonstratum
746 1523 804 1584 est.
844 1517 908 1584 Sed
924 1539 986 1584 non
1001 1516 1318 1605 praetermittendum
1335 1523 1393 1600 est,
1418 1518 1502 1605 quod

260 1625 424 1693 aZosimo
450 1647 480 1713 p.
506 1629 582 1708 300,
614 1629 656 1693 80
681 1619 833 1710 gladium,
862 1625 902 1692 ab
927 1625 1094 1711 Anonymo
1120 1627 1196 1707 305,
1221 1629 1264 1691 74
1288 1626 1415 1694 hastam
1439 1626 1502 1692 De-

259 1735 439 1814 mosthenes
467 1755 483 1800 e
514 1738 598 1800 teoto
627 1733 813 1821 pependisse
841 1737 997 1800 narratur.
1045 1732 1134 1810 Quod
1163 1733 1330 1824 (1188118888
1352 1755 1415 1800 888
1438 1736 1502 1801 for-

178 1926 181 1931 ,
259 1845 374 1910 tuitum
402 1842 458 1910 sed
486 1843 518 1909 in
550 1842 756 1909 traditionum
779 1841 965 1909 diversitate
989 1843 1127 1928 positum
1150 1863 1219 1910 esse
1242 1865 1263 1908 a
1284 1841 1500 1910 PsPlutareho

260 1955 341 2034 282,
367 1951 408 2019 35
434 1951 595 2018 docemur:
632 1951 885 2038 παραρτήσαντα
907 1949 1071 2032 ῧβέλισκον
1093 1947 1112 2035 ἢ
1135 1946 1178 2025 ὥς
1201 1973 1283 2026 τινες
1305 1951 1445 2036 ξιφίδιον
1467 1950 1504 2017 ἐκ

260 2064 312 2146 τῆς
339 2061 467 2147 ὀροφῆς.
518 2058 567 2125 De
596 2058 771 2146 Harpalica
798 2080 907 2140 causa,
938 2060 998 2124 etsi
1026 2058 1106 2125 nihil
1134 2059 1326 2128 eontrarium
1354 2059 1502 2141 afferunt,
1557 2121 1560 2123 Α
1679 2069 1681 2082 “

258 2173 367 2236 tamen
401 2189 463 2234 non
498 2167 631 2234 eundem
667 2171 826 2235 auctorem
861 2166 1002 2234 Zosimus
1037 2172 1070 2233 et
1097 2166 1283 2254 Anonymus
1317 2173 1501 2265 sequuntur.

257 2276 398 2344 Zosimus
414 2275 661 2342 Demosthenem
677 2276 710 2341 in
726 2273 892 2359 Aeginam,
917 2274 1104 2361 Anonymus
1119 2275 1296 2363 Suidasque
1312 2276 1503 2343 Troezenem
1580 2277 1589 2288 ¹

258 2405 325 2452 sese
348 2385 519 2452 contulisse
546 2384 767 2451 dissentientes
795 2382 940 2451 uadunt:
975 2385 1031 2451 cfr.
1056 2379 1142 2450 Plut.
1172 2384 1228 2449 vit.
1255 2387 1298 2450 26
1325 2385 1362 2448 ἐν
1384 2387 1504 2474 Αἰγίνῃ

257 2495 310 2558 καὶ
330 2495 473 2580 Τροιζῆνι
489 2493 684 2578 καθήμενος.
724 2491 777 2558 Ad
792 2497 968 2559 extremum
985 2534 1026 2542 -
1045 2497 1080 2558 ut
1096 2484 1219 2560 taceam
1238 2492 1277 2558 de
1294 2493 1504 2578 ineptissimis

256 2600 365 2684 rebus,
391 2604 433 2689 (e.
458 2622 504 2685 gr.
529 2599 653 2669 Zosimo
678 2599 1281 2685 888188881818818088181883ὓῖ,
1309 2603 1389 2683 143,
1413 2599 1503 2667 Ano·

256 2731 352 2795 nymo
377 2713 457 2791 308,
484 2712 546 2774 177
573 2707 669 2775 Suida
693 2711 774 2791 310,
801 2710 865 2774 143
890 2709 1071 2776 auctoribus
1093 2710 1125 2775 in
1149 2710 1216 2775 foro
1240 2710 1345 2796 posita
1368 2711 1431 2795 est)
1457 2750 1501 2757 -

256 2816 295 2885 de
318 2818 430 2883 mortis
454 2817 576 2883 ratione
600 2838 619 2881 a
642 2816 742 2882 tribus
765 2815 971 2902 scriptoribus
996 2817 1127 2883 eundem
1151 2818 1184 2882 in
1206 2816 1335 2882 modum
1356 2818 1504 2904 exposita

256 2945 357 3011 pauca
379 2924 477 2993 verba
500 2924 644 2991 facienda
666 2928 749 2991 sunt.
796 2922 956 2991 Exhibeat
978 2926 1063 2991 enim
1085 2946 1157 2991 eam
1179 2924 1377 3007 relationem,
1402 2947 1501 3011 quam

255 3031 384 3099 PsPlut.
411 3035 491 3115 287,
523 3035 562 3098 17
567 3034 586 3097 3
612 3033 748 3099 auctoris
777 3032 902 3099 nomine
931 3054 993 3098 non
1022 3034 1168 3119 apposito
1194 3032 1244 3099 his
1272 3039 1502 3099 commemorat

255 3140 374 3208 verbis:
411 3140 440 3206 oi
463 3142 494 3204 d'
517 3144 612 3205 sinor
641 3144 695 3205 τοῦ
722 3141 805 3203 κατὰ
835 3142 891 3225 τὴν
918 3141 1062 3224 σφαγτδα
1091 3141 1263 3228 φαρμάκου
1291 3141 1502 3223 γευσάμενον,

254 3246 309 3313 sed
336 3250 383 3314 ita
411 3253 446 3314 ut
473 3248 615 3315 Zosimus
646 3252 679 3314 et
706 3246 893 3335 Anonymus
924 3243 1098 3336 pleniorem
1133 3251 1329 3317 servaverint
1363 3250 1501 3315 formam

255 3355 337 3443 (Zos.
363 3359 439 3440 308,
467 3359 546 3438 140,
571 3355 633 3423 Α8.
660 3357 735 3438 308,
765 3358 827 3421 173
853 3358 929 3443 sq.),
960 3380 979 3421 8
1001 3357 1102 3424 Suida
1123 3358 1286 3445 exemplar
1308 3380 1403 3446 quam
1428 3358 1501 3424 bre-

255 3464 380 3531 vissime
405 3469 588 3551 excerptum
611 3484 680 3530 esse
693 3464 730 3529 'in
747 3464 915 3552 propatulo
930 3466 983 3547 sit,
1007 3463 1047 3531 de
1062 3487 1123 3551 quo
1140 3467 1329 3552 scriptomm
1345 3468 1501 3533 'consensu

156 3650 157 3653 Ἴ
252 3573 367 3639 iterum
382 3572 506 3639 dicendi
522 3572 605 3649 infra
619 3571 707 3637 locus
723 3572 813 3639 nobis
830 3571 965 3639 dabitur.
1006 3571 1112 3659 Atque
1128 3574 1210 3640 hane
1233 3568 1499 3657 necessitudinem

252 3682 334 3747 inter
357 3682 440 3747 vitas
464 3700 571 3749 eorum
594 3679 786 3760 intercedere
811 3686 953 3768 apparet,
978 3686 1014 3747 ut-
1037 3682 1198 3767 Anonymi
1221 3688 1255 3749 et
1274 3682 1389 3749 Suidae
1414 3682 1497 3770 (III)

250 3793 394 3855 auctores
418 3790 534 3855 artiore
558 3787 682 3857 vinculo
706 3790 888 3856 coniunctos
912 3790 1022 3870 fuisse,
1047 3789 1164 3862 Zosimi
1187 3812 1276 3873 vero,
1301 3812 1497 3879 quamquam

250 3897 283 3962 in
306 3898 486 3963 uuiversum
508 3896 548 3963 ad
563 3895 678 3963 Suidae
695 3898 814 3981 sontem
830 3898 959 3984 propius
975 3898 1106 3979 accedit,
1132 3904 1241 3965 tamen
1255 3900 1373 3966 maiore
1388 3901 1496 3986 spatio

249 4003 454 4091 pluribusque
478 4003 627 4087 gradibus
651 4026 671 4071 a
698 4004 817 4073 duobus
846 4004 912 4072 illis
940 4006 1051 4072 abesse
1080 4004 1223 4093 aliusque
1252 4006 1393 4074 familiae
1421 4028 1497 4075 cen-

249 4111 380 4179 sendum
404 4132 472 4179 esse
496 4131 553 4199 pro
576 4117 662 4193 certo
685 4112 865 4179 habendum
888 4114 940 4179 sit.
982 4114 1030 4180 De
1054 4116 1157 4202 prima
1177 4120 1210 4181 et
1224 4116 1361 4183 secunda
1376 4114 1496 4184 Suidae

248 4219 412 4307 particulis
436 4220 498 4307 hoc
518 4242 614 4287 unum
637 4221 810 4287 notandum
834 4226 894 4304 est,
919 4227 1054 4287 mortem
1069 4204 1294 4291 Demosthenis
1319 4224 1495 4291 arcadem

247 4327 427 4411 traditione,
453 4349 469 4394 8
492 4350 556 4415 qua
579 4328 619 4395 ab
643 4328 811 4415 Anonymo
835 4334 868 4395 et
890 4327 1025 4413 Zosimo,
1049 4330 1241 4418 descriptam
1265 4354 1342 4400 esse.
1448 4387 1453 4394 a

312 4523 314 4527 Α
336 4435 406 4502 Hac
429 4436 468 4502 de
492 4438 630 4503 vitarum
651 4438 878 4525 compositione
900 4442 992 4524 parte
1008 4438 1155 4505 absoluta
1169 4461 1260 4525 nunc,
1285 4440 1326 4507 ad
1341 4461 1420 4527 qnos
1435 4462 1494 4529 po

245 4543 402 4609 tissimum
419 4548 562 4611 auctores
577 4543 654 4611 illae
670 4544 772 4611 redire
788 4544 965 4629 videantur,
988 4546 1173 4631 diligentius
1188 4548 1409 4635 inquirendum
1425 4555 1492 4634 est,

245 4672 324 4739 quae
341 4654 484 4749 quaestio
499 4657 537 4719 ut
551 4656 636 4719 recte
653 4653 839 4721 instituatur
860 4656 949 4721 uitas
966 4675 1029 4721 non
1053 4678 1073 4721 a
1095 4657 1300 4743 scriptoribus
1321 4658 1387 4725 suis
1411 4660 1494 4744 ipsis
