3392 5300
834 422 1056 489 ,30-

325 625 404 689 quae
432 602 524 670 hodie
551 609 721 691 usurpatur
748 606 875 671 criticae
904 607 966 671 arti
993 625 1055 671 non
1082 606 1146 671 iarn
1173 604 1385 686 satisfaciant,
1414 603 1456 671 ad
1482 607 1564 673 vitas

325 712 408 793 illas,
433 734 511 799 quas
535 734 726 800 quamquam
742 714 775 778 in
790 712 1051 779 Demosthenicae
1067 713 1217 779 historiae
1234 712 1372 779 fontibus
1387 714 1564 808 inferiorem

324 820 427 886 locum
451 826 560 887 tenent
583 826 691 888 tamen
714 821 880 905 neglegere
902 842 966 887 non
988 820 1074 902 licet,
1098 821 1212 888 melius
1228 821 1442 888 aestimandas
1471 827 1565 908 atque

249 998 252 1003 ,
324 930 554 1013 cognoscendas
582 935 735 1016 quantum
763 934 796 996 in
824 952 875 995 me
899 935 949 996 est
971 930 1151 997 contulisse.
1198 928 1315 995 Omnes
1338 951 1418 1016 quac
1442 930 1482 996 de
1504 930 1565 997 De

324 1037 497 1104 mosthenis
532 1039 626 1104 rebus
655 1038 695 1105 ab
724 1038 789 1105 illis
818 1038 927 1105 allatis
955 1038 1057 1105 adhuc
1084 1038 1264 1125 disputatae
1292 1044 1367 1105 sunt
1393 1042 1565 1105 sententias

325 1145 425 1211 denuo
448 1150 586 1213 tractare
610 1145 799 1232 superfluum
823 1151 882 1228 est,
906 1146 963 1212 scd
985 1148 1069 1212 vitas
1091 1145 1167 1212 illas
1190 1168 1246 1233 per
1269 1168 1303 1213 se
1325 1168 1421 1233 quam
1441 1168 1566 1214 accursu

323 1256 443 1320 tissime
478 1256 630 1339 inspicere
665 1274 702 1318 ac
729 1255 920 1339 perscrutari
947 1274 1029 1321 nunc
1056 1254 1144 1319 mihi
1162 1256 1195 1319 in
1223 1256 1327 1320 animo
1354 1260 1413 1321 est.
1460 1256 1565 1342 Atque

324 1362 569 1448 disputationem
593 1364 640 1425 ita
663 1362 838 1443 instituam,
868 1366 903 1426 ut
926 1364 1062 1447 primum
1085 1382 1102 1427 θ
1125 1364 1350 1449 compositione
1374 1364 1511 1429 vitarum
1534 1369 1566 1429 et

323 1470 517 1552 singularum
552 1491 608 1556 per
642 1490 675 1536 se
708 1474 741 1535 et
769 1472 851 1535 inter
878 1491 911 1536 se
940 1475 1192 1556 comparatorum
1220 1492 1239 1536 θ
1266 1471 1413 1557 qualibus
1440 1471 1565 1538 fluxmse
1679 1561 1680 1564 Ἴ

324 1577 488 1643 videantur
516 1578 655 1644 fontibus
684 1580 924 1664 perspiciamus
960 1578 1072 1645 deinde
1102 1577 1344 1666 biographorum
1371 1579 1565 1667 aliorumque

323 1688 510 1772 scriptorum
534 1691 675 1752 veterum
699 1689 889 1753 testimoniis
913 1691 946 1752 ct
968 1708 985 1753 θ
1008 1689 1084 1753 vitis
1106 1688 1183 1774 ipsis
1207 1692 1240 1753 et
1263 1687 1389 1754 aliunde
1412 1691 1496 1755 notis
1519 1692 1565 1755 osi

323 1815 400 1881 quos
428 1796 626 1881 potissimum
655 1800 797 1861 auctores
821 1776 964 1861 vitarum
983 1797 1153 1882 scriptores
1176 1799 1275 1863 secuti
1299 1818 1367 1863 esse
1391 1797 1564 1879 videantur,

322 1902 472 1986 indagare
495 1924 650 1970 conemur.

412 2010 460 2076 De
484 2013 708 2097 compositione
733 2011 929 2095 singularum
953 2016 1090 2078 vitamm
1106 1999 1269 2100 disputare
1285 2014 1474 2097 ingredienti
1488 2015 1564 2079 mihi

322 2121 424 2205 primo
458 2117 527 2184 loco
563 2118 601 2184 de
636 2121 703 2185 vita
731 2121 763 2185 in
792 2140 920 2205 corpore
950 2122 1085 2186 vitamm
1120 2121 1227 2188 decem
1255 2126 1414 2187 oratorum
1450 2121 1531 2187 falso
1541 2124 1564 2207 ¹)

323 2225 486 2293 Plutarchi
513 2229 637 2293 nomine
661 2228 781 2294 tradita
804 2250 898 2311 agere
922 2229 1000 2294 mihi
1022 2231 1055 2294 in
1078 2231 1183 2295 animo
1206 2235 1264 2296 est.
1314 2228 1400 2307 Quae
1423 2233 1564 2316 quaestio

322 2354 393 2399 cum
417 2334 457 2399 ab
482 2356 519 2399 ea
542 2355 621 2420 quae
646 2340 695 2401 est
718 2335 756 2400 de
772 2334 1109 2403 Pseudo-Plutaroheis
1133 2337 1277 2403 omnibus
1295 2340 1368 2404 vitis
1384 2340 1565 2425 rationeque

322 2441 425 2528 qualis
449 2444 531 2508 inter
555 2464 607 2509 eas
624 2448 718 2529 atqde
734 2442 840 2509 Photii
857 2444 940 2509 vitas
955 2444 1064 2511 decem
1080 2450 1240 2513 oratorum
1265 2446 1368 2532 (codd.
1387 2448 1563 2512 tac-268

322 2548 464 2635 Behher)
493 2550 667 2617 intercedat
696 2550 829 2617 discerni
857 2572 920 2617 non
942 2554 1057 2637 possit,
1087 2573 1126 2619 ea
1148 2574 1229 2639 quae
1253 2556 1368 2619 iterum
1392 2556 1564 2641 iterumque

322 2660 405 2725 vitas
439 2659 599 2744 utriusque
634 2650 770 2724 auctoris
804 2662 1001 2745 comparanti
1031 2661 1110 2725 mihi
1138 2661 1371 2728 verisimillima
1399 2667 1468 2729 visa
1494 2667 1566 2729 sunt

322 2765 473 2832 hocloco
497 2765 588 2830 edere
612 2763 689 2830 mihi
713 2787 951 2852 proposueram,
980 2788 1050 2833 cum
1074 2789 1148 2835 casu
1171 2772 1286 2849 evenit,
1313 2772 1402 2836 utin
1426 2769 1564 2836 Ballhei-

322 2875 401 2938 meri
417 2873 668 2939 dissertationem
677 2875 703 2958 ²)
725 2895 841 2957 magna
857 2875 1012 2942 industria
1027 2877 1176 2962 scriptam
1193 2878 1372 2960 inciderem,
1397 2880 1445 2944 oui
1462 2881 1488 2944 si
1505 2899 1564 2944 non

322 2985 355 3047 in
379 2981 536 3063 omnibus,
567 2985 602 3046 at
624 2986 732 3046 tamen
755 2985 788 3047 in
811 2982 969 3068 plerisque
996 2985 1251 3070 gravissimisque
1279 2985 1372 3051 rebus
1401 2988 1562 3052 assentior.

323 3087 391 3166 Qua
425 3089 464 3154 de
499 3109 593 3154 causa
627 3111 666 3154 ne
695 3095 767 3156 acta
792 3111 904 3172 agam,
939 3091 973 3156 in
994 3090 1217 3157 Demosthenis
1245 3093 1320 3159 uitis
1347 3093 1423 3178 quid
1445 3114 1503 3177 ego
1528 3093 1564 3158 de

322 3192 658 3264 Pseudo-Plutarcheis
680 3196 908 3284 Photianisque
932 3201 1007 3265 vitis
1029 3201 1063 3264 in
1085 3203 1264 3266 universum
1288 3203 1433 3284 cogitem,
1458 3201 1564 3288 expla-

322 3304 446 3369 navisse
469 3305 548 3370 satis
572 3304 703 3370 habebo.

411 3411 462 3476 Ab
492 3433 529 3477 ea
557 3415 715 3499 opinione,
752 3434 846 3499 quam
875 3413 1093 3480 Westerrnann
1101 3417 1127 3501 ³)
1163 3417 1313 3482 acerrime
1348 3416 1503 3498 defendit,
1533 3420 1563 3482 in

321 3518 425 3603 Biogr.
456 3521 591 3607 praef.)
620 3523 768 3588 sustinuit
797 3543 953 3608 quamque
976 3521 1135 3589 Arnoldus
1164 3523 1312 3590 Schaeser
1320 3527 1346 3609 ⁵)
1374 3531 1408 3613 et
1435 3524 1563 3610 Blass⁶)

322 3627 566 3712 adoptaverunt,
605 3629 773 3708 „Photium
808 3629 958 3715 pleraque
991 3651 1009 3695 e
1042 3628 1379 3698 Pseuchlutarcbeis
1414 3634 1489 3698 vitis
1524 3632 1563 3697 ad

396 3808 416 3878 ¹)
437 3816 467 3867 A.
483 3813 613 3876 Schacfer,
629 3815 822 3866 Commentatio
838 3812 870 3866 de
885 3815 953 3866 libro
968 3815 1014 3866 vit.
1029 3812 1085 3866 dcc.
1100 3817 1166 3867 orat.
1200 3815 1317 3869 Dresdae
1333 3815 1409 3870 1844.
1446 3817 1560 3869 Wester·

321 3919 402 3955 mann
422 3903 509 3971 Biogr.
544 3901 619 3956 1845.
649 3903 720 3957 XVI.

394 3989 415 4058 ²)
435 3995 474 4045 Dc
494 3994 583 4046 Photii
603 3993 693 4046 decem
713 3997 848 4046 oratorum
868 3995 939 4046 vitis.
964 3995 1123 4046 Dissertatio
1143 3995 1233 4062 inaug.
1258 3995 1344 4048 Bonn.
1376 3995 1455 4059 1877,
1475 4010 1557 4062 qoam

321 4084 383 4137 Alb.
405 4083 501 4136 Martio
522 4084 656 4136 recensuit
675 4085 700 4136 in
722 4085 809 4137 Revue
830 4085 952 4151 critique.
993 4083 1071 4136 1878.
1108 4085 1157 4138 Νο.
1177 4085 1222 4150 45,
1241 4102 1268 4152 p.
1288 4085 1440 4139 tlt—aec.

393 4169 415 4238 ⁸)
436 4188 481 4240 qu.
501 4175 532 4226 D.
552 4189 579 4241 p.
600 4173 715 4226 72-75.

393 4261 415 4327 ⁴)
436 4281 461 4331 p.
481 4265 553 4317 XVI.

393 4350 416 4418 ⁵)
437 4355 452 4405 l.
475 4354 491 4405 l.
513 4371 539 4420 p.
559 4351 593 4406 28
613 4357 641 4406 et
660 4355 688 4406 in
709 4355 862 4408 recensione
883 4357 1079 4410 Westermanni
1098 4357 1310 4425 Biographorum
1337 4357 1364 4408 in
1384 4356 1514 4410 Zeitsehr.
1543 4357 1562 4410 Ι.

321 4443 346 4496 d.
367 4443 567 4496 Alterthumsw.
607 4431 683 4497 184'8.
721 4462 747 4512 p.
768 4443 922 4499 244-265.

394 4530 415 4599 ⁸)
435 4536 492 4588 Att.
519 4533 628 4588 Bereds.
664 4539 696 4588 ut
719 4537 786 4588 alios
810 4536 883 4588 locos
912 4537 1049 4600 omittam,
1073 4537 1125 4601 ΙΙΙ,
1153 4539 1179 4599 l,
1206 4553 1230 4602 p.
1256 4536 1287 4600 5,
1311 4540 1368 4590 not.
1393 4537 1425 4599 2;
1454 4537 1507 4602 ΙΙΙ,
1538 4538 1567 4602 2,

319 4641 346 4692 p.
367 4625 409 4690 73,
430 4629 485 4677 not.
508 4624 532 4677 2.
