3392 5300
825 434 1047 498 „22-

317 609 521 677 Timoleontis
543 612 676 678 historia
700 615 876 678 continetur
909 611 1125 681 demonstrare
1148 616 1297 682 studeret.
1345 615 1452 703 Atque
1480 615 1557 681 mihi

316 739 439 805 quoque
462 718 699 786 fundamentum
722 720 812 801 illud,
837 742 899 807 quo
923 723 1102 789 coniectura
1122 721 1352 810 Volqnardscni
1376 724 1414 790 de
1430 723 1557 790 Timaeo

317 849 385 914 epp.
412 830 556 910 naa-40,
582 829 724 910 56-64,
750 831 1087 913 1811111111111111,
1124 832 1251 899 etiamsi
1274 832 1437 916 Timacum
1461 834 1557 898 etiam

317 935 505 1003 Graecomm
521 956 571 1003 res
588 937 766 1003 illustrasse
782 937 999 1021 concedamus,
1023 942 1152 1005 minime
1172 945 1241 1006 tam
1261 940 1385 1006 firmum
1409 940 1557 1006 solidum·

316 1066 376 1131 qne
400 1045 534 1127 videtur,
559 1048 594 1112 ut
618 1044 833 1132 probabilibus
857 1049 1050 1129 argumentis
1073 1048 1203 1114 subduci
1227 1069 1289 1115 non
1311 1050 1421 1135 possit.

407 1153 683 1219 Narratiunculam
710 1153 801 1219 illam
830 1153 869 1221 de
898 1154 1029 1222 Thrasio
1057 1155 1160 1222 milite
1189 1156 1296 1243 (Diod.
1326 1156 1417 1239 XVI,
1454 1160 1513 1243 78)
1540 1178 1556 1223 1

317 1261 471 1349 11111111)
487 1263 639 1329 'historiis
667 1261 792 1329 tinxisse
821 1284 914 1347 nego,
946 1267 974 1330 si
1001 1263 1129 1351 quidem
1156 1264 1345 1332 Plutarchus
1372 1270 1557 1353 pertatem

316 1371 380 1437 fere
404 1370 610 1437 Timoleontis
633 1373 732 1437 vitam
757 1371 920 1438 Timaeum
943 1374 1127 1458 primarium
1151 1374 1261 1441 ducem
1284 1380 1409 1441 secutus
1433 1379 1496 1456 est,
1525 1374 1558 1441 id

316 1479 398 1565 quod
431 1500 539 1544 omnes
573 1482 772 1546 consentiunt
780 1482 816 1566 ²).
870 1479 1010 1546 Primum
1046 1483 1130 1547 enim
1157 1480 1362 1565 Plutarchus,
1398 1504 1492 1569 quern
1526 1484 1558 1549 in

316 1588 454 1653 fontibus
481 1589 545 1653 suis
574 1588 784 1655 exscribendis
813 1610 929 1673 magna
963 1591 1058 1656 1111111
1093 1610 1168 1656 cura
1201 1594 1310 1675 negari
1343 1612 1406 1657 non
1441 1595 1557 1678 potest,

315 1696 486 1761 tumultum
509 1695 601 1762 illum
624 1697 899 1784 stipendiariorum
915 1699 962 1763 ita
977 1703 1086 1764 narrat
1113 1701 1232 1786 (115)
1256 1704 1292 1765 ut
1317 1718 1418 1787 neque
1434 1699 1558 1766 Thrasii

315 1804 471 1887 sacrilegii
492 1804 643 1891 'Delphici
666 1807 828 1892 participis
853 1806 953 1871 ullam
982 1808 1078 1873 111111
1106 1810 1297 1875 mentionem
1325 1812 1358 1874 et
1381 1807 1558 1875 Sicularum

316 1916 474 1999 copiarum
498 1934 661 1979 numerum
680 1926 705 1979 'a
728 1914 866 1981 Diodoro
891 1935 1016 2001 prorsus
1039 1916 1198 1982 diversum
1221 1916 1339 1983 indicet
1362 1916 1416 2003 (de
1440 1938 1504 2004 qua
1526 1938 1558 1982 re

315 2023 397 2087 inira
421 2045 451 2109 p.
478 2024 535 2108 28)
560 2022 679 2088 etalio
702 2025 892 2089 narrationis
916 2025 1019 2090 colore
1042 2029 1164 2090 utatur:
1200 2046 1270 2092 curn
1294 2028 1378 2091 enim
1401 2025 1560 2092 Diodorus

317 2150 382 2195 rem
405 2132 452 2195 ita
475 2134 621 2216 exponat,
646 2135 682 2197 ut
698 2129 846 2197 Thrasius
867 2137 1013 2198 1111111
1029 2137 1158 2220 propter
1173 2133 1410 2220 praevalentem
1426 2132 1561 2199 Cartha·

316 2240 501 2321 giniensium
525 2260 688 2305 numerum
712 2262 807 2325 quam
830 2244 959 2327 propter
983 2241 1141 2327 stipendia
1168 2242 1233 2306 iam
1262 2241 1315 2307 diu
1343 2242 1451 2308 debita
1479 2242 1561 2309 sedi·

316 2348 435 2412 tionem
458 2349 592 2413 movisse
616 2347 761 2414 videatur
785 2388 827 2396 -
852 2350 871 2433 ξ
896 2349 931 2412 5:
973 2347 1144 2424 111111
1171 2349 1396 2434 ὀφειλομένους
1423 2351 1562 2433 μισθοὺς

317 2455 440 2519 πολλοῦ
450 2451 565 2539 χρόνου
588 2456 643 2519 διὰ
668 2457 723 2542 τὴν
745 2456 889 2542 ἀπορίαν
910 2456 1137 2539 ἀποδεδωκώς
1162 2459 1181 2543 ξ
1207 2461 1226 2523 6
1247 2458 1474 2540 συνεβούλευεν
1501 2458 1563 2525 οὖν

316 2563 538 2646 &vendamur
554 2604 595 2613 -
613 2567 666 2627 καὶ
682 2566 754 2639 τούς
769 2566 909 2648 μισθοὺς
924 2561 1076 2629 ἀπαιτεῖν
1081 2595 1093 2645 ,·
1108 2568 1161 2648 79,
1182 2569 1197 2630 1
1216 2565 1348 2653 γράψας
1365 2606 1406 2614 ——
1423 2567 1477 2630 καὶ
1490 2570 1563 2643 τοὺς

316 2673 454 2754 μισθοὺς
469 2673 583 2737 δοῦναι
601 2713 641 2722 -
659 2672 848 2740 Plutarchus
864 2675 1024 2757 ignaviam
1038 2679 1075 2740 ut
1091 2697 1187 2741 unam
1202 2675 1366 2763 solamque
1378 2675 1561 2743 rebellionis

318 2802 444 2847 causam
473 2781 579 2866 affert,
610 2784 668 2865 25,
703 2786 723 2849 4
752 2781 1046 2858 ἀποδειλιάσαντες.
1098 2783 1220 2850 Deinde
1249 2786 1470 2867 gravissimum
1498 2785 1563 2851 dis·

318 2891 434 2980 crimen
462 2889 494 2955 id
523 2890 640 2972 elucet,
657 2890 752 2977 ¹quod
775 2889 964 2958 Plutarchus
991 2894 1024 2956 in
1049 2913 1074 2958 c.
1102 2895 1144 2958 30
1168 2895 1298 2958 interitu
1321 2893 1409 2958 mille
1433 2892 1561 2959 illorum

317 3001 579 3065 mercenariorum
604 2999 713 3065 eodem
737 2999 801 3064 sera
825 3000 919 3066 modo
942 3021 1003 3086 quo
1021 3022 1041 3065 a
1056 3000 1193 3067 Diodoro
1209 3003 1284 3087 (82)
1301 3004 1444 3088 exposito
1460 3001 1560 3083 addit,

318 3109 350 3172 in
374 3129 514 3194 eaquae
540 3105 846 3191 Carthaginiensium
871 3111 940 3173 erat
963 3108 1090 3174 Siciliae
1114 3114 1205 3195 parte
1229 3109 1270 3175 ad
1292 3109 1378 3176 Ietas
1402 3111 1474 3184 τοὺς
1493 3113 1562 3193 μετ’

319 3213 474 3299 Εὐθύμου
503 3219 557 3280 wir
579 3217 761 3280 Λευκαδίου
788 3214 1008 3304 μισθοφόρους
1035 3239 1055 3282 1
1078 3217 1228 3283 Mamerci
1251 3216 1383 3283 Hicetae
1411 3216 1561 3284 Gesconis

318 3326 414 3410 copiis
439 3326 555 3390 occisos
580 3345 657 3391 1111.
705 3321 814 3407 Pergit
838 3327 906 3390 tum
935 3324 985 3391 his
1014 3316 1132 3392 verbis:
1173 3324 1256 3411 ἦσαν
1281 3326 1341 3408 μὲν
1368 3328 1429 3412 γὰρ
1457 3325 1561 3391 οὗτοι

318 3435 379 3496 τῶν
412 3433 492 3515 μετὰ
530 3427 713 3518 Φιλομήλου
746 3433 800 3496 καὶ
823 3425 1016 3520 Ὀνομάρχου
1044 3434 1194 3518 Δελφοὺς
1228 3431 1477 3515 καταλαβόντων
1510 3433 1561 3497 καὶ

316 3536 538 3620 μετασχόντων
564 3540 725 3615 ἐκείνοις
757 3544 817 3626 τῆς
851 3539 1076 3628 ἱεροσυλίας.
1128 3542 1256 3608 Timaeo
1290 3544 1388 3626 igitur
1423 3547 1559 3623 auctore,

317 3670 391 3714 nam
403 3648 524 3714 Timaei
540 3650 675 3734 vestigia
691 3652 891 3736 apertissima
906 3652 939 3715 in
951 3650 1010 3716 hoc
1021 3648 1186 3718 Plutarchi
1198 3653 1273 3738 (30)
1286 3653 1390 3737 capite
1401 3653 1559 3738 patent³),

395 3830 416 3891 ¹)
435 3835 493 3887 Hoc
512 3850 597 3887 unum
616 3835 714 3902 agitur,
735 3837 826 3888 utrum
844 3835 969 3888 Timaeus
989 3838 1085 3888 auctor
1103 3852 1120 3888 a
1139 3836 1254 3888 Diodoro
1274 3835 1302 3887 in
1323 3851 1344 3888 c.
1366 3831 1400 3887 78
1421 3835 1561 3889 adhibitus

321 3924 359 3976 sit
377 3940 468 3978 necne.
507 3925 528 3978 E
548 3926 634 3978 verbis
654 3926 720 3992 ipsis
738 3926 861 3995 καθάπερ
879 3926 964 3997 μικρῷ
984 3926 1112 3995 πρότερον
1131 3928 1321 3995 ἀνεγράφαμεν
1340 3925 1409 3976 nihil
1433 3924 1466 3977 (11
1492 3911 1560 3978 sacri

320 4015 387 4068 belli
407 4017 516 4068 auctore
536 4014 717 4083 colligendum
736 4031 793 4070 esse
814 4017 873 4068 luce
893 4017 991 4068 clarius
1012 4018 1061 4067 est.

392 4101 413 4170 ²)
433 4105 558 4172 Arnoldt‚
578 4106 626 4159 Dic
640 4107 754 4172 Qucllen
768 4122 799 4158 zu
814 4106 967 4159 Timoleons
981 4106 1079 4172 haben,
1100 4106 1268 4159 Gumhiuner
1280 4106 1444 4175 Programm.
1482 4104 1558 4160 1848.

318 4211 344 4262 p.
367 4195 409 4260 19,
430 4193 473 4248 20.

391 4286 481 4354 Haug,
508 4287 556 4340 Die
576 4287 688 4352 Quellen
709 4288 852 4340 Plutarchi
872 4288 900 4340 in
921 4287 972 4340 den
993 4287 1330 4357 Lebensbeschreibungen
1351 4287 1398 4340 der
1418 4287 1559 4341 Griechen.

319 4375 387 4430 uuo.
411 4375 488 4441 1854,
507 4393 534 4444 p.
555 4377 597 4430 64.

392 4467 580 4536 Volquardsen
600 4485 625 4535 p.
647 4469 689 4522 96.
870 4507 891 4546 3

393 4557 472 4610 Holm
492 4559 526 4624 11,
546 4575 570 4626 p.
594 4557 654 4612 377.

392 4645 414 4720 ⁸)
435 4649 514 4702 Holm
534 4667 559 4718 p.
581 4648 642 4706 377.
