3392 5300
794 405 1049 512 '524—

318 582 488 651 Plutarcho
513 584 686 651 Timodemi
710 587 751 672 (c.
778 588 813 668 33
839 587 913 671 39);
938 584 1024 652 aliud
1046 585 1214 652 discrimen
1237 586 1270 652 id
1292 590 1352 667 est,
1377 583 1460 670 quod
1482 581 1561 648 Plu-

318 693 428 759 tarcho
453 698 579 760 auctore
595 693 785 779 Syracusani
809 715 872 760 non
894 698 962 760 tum
978 693 1019 760 ad
1034 693 1143 760 civiles
1158 692 1314 760 tumultus
1329 691 1562 778 componendos

318 823 413 889 quam
442 807 551 868 contra
579 802 752 888 periculum
780 823 800 868 a
823 801 1133 886 Carthaginiensibus
1157 803 1338 883 imminens,
1367 801 1422 886 qui
1444 819 1561 882 magno

319 911 512 977 exercituin
535 910 676 977 Siciliam
700 911 872 978 transvecti
899 915 989 976 eraut
1018 913 1058 997 (c.
1085 912 1136 996 2),
1165 930 1186 974 a
1208 907 1380 974 Corinthiis
1408 906 1562 973 auxilium

319 1020 512 1105 petiverunt,
537 1041 554 1085 e
578 1017 710 1086 Diodori
732 1021 839 1086 autem
862 1020 1042 1086 narratione
1064 1019 1098 1084 id
1121 1017 1257 1085 dilucide
1280 1021 1414 1105 apparet
1437 1019 1478 1103 (c.
1504 1015 1561 1097 65,

321 1129 378 1212 67)
403 1125 679 1210 Carthaginienses
703 1127 909 1194 Timoleontis
933 1128 1131 1214 expeditione
1153 1130 1407 1213 comportatum
1435 1124 1563 1190 demum

320 1256 391 1302 cum
414 1239 558 1322 tyrannis
574 1235 750 1303 Sicularum
766 1236 890 1302 urbium
905 1236 1032 1302 foedera
1046 1236 1163 1319 iniisse,
1187 1235 1343 1323 imprimis
1359 1254 1431 1300 curn
1446 1231 1564 1299 Hiceta

320 1346 352 1429 (a
375 1344 480 1410 verbis
504 1365 529 1410 c.
556 1347 612 1411 67:
641 1345 780 1427 μάλιστα
803 1345 838 1408 dd
861 1347 942 1431 πρὸς
961 1345 1076 1430 Ἱκέτην
1099 1346 1155 1410 τὸν
1178 1348 1240 1409 τῶν
1258 1347 1461 1430 Συρακοσίων
1482 1341 1564 1404 δυν-

320 1453 510 1529 αστεύοντα,
537 1453 598 1519 nisi
626 1453 805 1539 corruptela
828 1457 900 1540 (pro
922 1454 1121 1538 Λεοντίνων)
1148 1453 1271 1534 subest,
1304 1451 1397 1518 facilc
1420 1448 1565 1517 concludi

321 1567 440 1647 potest,
469 1562 618 1628 Hicetam
642 1563 705 1627 iam
729 1567 797 1628 tum
821 1562 994 1649 Syracusas
1017 1563 1179 1647 tenuisse).
1227 1560 1336 1628 Aliam
1359 1561 1456 1643 igitur
1478 1557 1566 1623 haud

321 1669 414 1736 dubie
436 1670 623 1736 relationem
647 1669 804 1737 Diodorus
826 1673 978 1757 sequitur,
1003 1674 1187 1759 praesertim
1212 1691 1293 1752 cum,
1323 1668 1406 1756 quod
1429 1667 1529 1734 Holm
1540 1668 1564 1751 ¹)

321 1781 456 1862 monuit,
485 1800 547 1846 uon
575 1779 676 1845 solum
705 1779 894 1846 Hannonem
921 1801 978 1866 pro
1001 1779 1134 1864 Magone
1158 1778 1258 1866 (Plut.
1288 1799 1314 1845 c.
1346 1780 1403 1859 173
1432 1776 1472 1842 cf.
1503 1777 1564 1861 19)

322 1887 590 1972 Carthaginiensis
614 1887 725 1954 elassis
749 1889 943 1974 praefectum
967 1888 1089 1970 afferat,
1114 1889 1170 1956 sed
1187 1889 1285 1954 etiam
1301 1885 1421 1952 duobus
1436 1886 1469 1950 in
1485 1884 1564 1951 locis

322 2001 378 2085 (67
388 2049 396 2081 ,
422 2001 457 2081 23
483 2001 542 2079 69,
569 1999 604 2083 3)
629 1997 761 2064 eundern
785 1996 1093 2082 Carthaginiensium
1116 1998 1277 2084 copiarum
1300 2015 1465 2061 numerum
1487 1991 1565 2058 Plu-

320 2105 430 2171 tarcho
459 2109 611 2192 opponat,
641 2127 832 2192 quamquam
860 2107 952 2172 huius
980 2110 1021 2192 (c.
1052 2108 1110 2191 17)
1137 2109 1173 2199 d}
1198 2103 1364 2190 μυριάδων
1390 2102 1498 2177 πεζῶν
1525 2121 1566 2166 ex

321 2216 419 2300 ipsius
443 2213 494 2280 vel
517 2213 640 2279 librarii
663 2235 766 2280 errore
790 2217 865 2280 oriri
888 2216 1028 2302 potuisse
1050 2234 1112 2281 non
1135 2211 1316 2296 negaverim
1324 2212 1361 2297 ²).

412 2321 559 2388 Summae
584 2322 788 2390 difficultates
811 2344 837 2389 c.
857 2326 910 2404 69,
934 2331 971 2388 70
992 2323 1084 2388 nobis
1103 2325 1265 2408 parantur,
1289 2319 1402 2405 quibus
1429 2317 1566 2404 Syracu-

236 2513 241 2518 ¹
322 2451 428 2496 sarum
456 2430 593 2497 obsessio
602 2432 629 2516 3)
657 2432 735 2497 mire
764 2431 959 2498 describitur.
1006 2428 1148 2496 Primum
1176 2429 1260 2494 enim
1282 2426 1438 2494 Diodorus
1461 2425 1567 2491 Timo

322 2537 460 2603 leontem
483 2537 599 2604 Hiceta
621 2537 662 2604 ad
677 2538 861 2606 Hadranum
885 2539 976 2626 pulso
999 2539 1109 2605 statim
1133 2537 1175 2603 ad
1197 2536 1369 2623 Syracusas
1392 2534 1518 2600 duxisse
1534 2535 1567 2598 in

323 2667 348 2713 c.
364 2649 417 2728 68,
437 2654 468 2709 ll
486 2646 537 2712 fin.
563 2652 672 2713 contra
686 2645 892 2715 Plutarchum
916 2648 1053 2734 exponit,
1077 2666 1139 2732 quo
1163 2649 1290 2712 aucwre
1305 2664 1377 2711 arce
1400 2644 1416 2730 (
1436 2694 1443 2709 .
1460 2643 1518 2729 13)
1535 2643 1568 2707 et

322 2754 505 2821 Achradina
529 2756 602 2841 (18)
627 2756 742 2842 captis
771 2755 927 2821 militibus
949 2754 1145 2821 subsidiariis
1167 2775 1188 2818 a
1211 2752 1382 2819 Corinthiis
1406 2750 1511 2817 missis
1535 2753 1569 2815 et

324 2864 356 2928 in
380 2862 522 2929 Siciliam
540 2864 748 2947 transvectis,
778 2862 925 2933 Messana
947 2866 1100 2949 occupata
1122 2866 1190 2927 tum
1214 2861 1340 2927 demum
1364 2862 1406 2946 (c.
1432 2861 1491 2944 20)
1516 2858 1568 2925 Ti-

322 2970 446 3037 moleon
469 2971 524 3036 δπὶ
547 2972 603 3047 τὰς
621 2968 826 3060 Συρακούσας
847 2971 1002 3054 ἐβάδιζεν.
1028 2972 1082 3057 (cf.
1107 2990 1134 3036 c.
1154 2972 1195 3034 16
1219 2973 1253 3035 et
1271 2971 1337 3053 18).
1377 2966 1500 3034 Deinde
1517 2987 1568 3032 res

324 3082 355 3145 in
379 3101 404 3146 o.
424 3082 466 3145 69
491 3080 662 3147 aDiodoro
686 3085 833 3147 narratae
858 3103 929 3147 cum
944 3079 1115 3147 Plutarcho
1132 3083 1335 3165 comparatae
1351 3075 1568 3145 incredibilem

323 3188 355 3252 in
390 3187 516 3253 modum
552 3190 731 3274 permixtae
763 3189 916 3255 videntur.
969 3188 1088 3254 Eodem
1124 3190 1207 3253 enim
1241 3191 1384 3273 tempore
1411 3184 1522 3251 Insula
1549 3206 1569 3248 a

322 3295 485 3381 Dionysia,
510 3296 692 3363 Achradina
716 3300 748 3364 et
764 3296 916 3384 Neapolis
940 3297 981 3362 ab
997 3296 1121 3378 Hiceta,
1145 3294 1286 3382 reliquae
1309 3296 1395 3361 urbis
1416 3297 1524 3380 partes
1549 3316 1569 3357 a

324 3403 517 3471 Timoleonte
542 3410 712 3492 occupatae
736 3408 845 3489 teneri,
872 3411 980 3493 portus
996 3428 1127 3489 magnus
1143 3427 1164 3471 a
1179 3403 1492 3488 Carthaginiensibus
1512 3402 1568 3467 cb-

323 3512 419 3578 sideri
454 3513 612 3580 dicuntur!
652 3513 678 3579 Ε
714 3497 891 3582 Ρίυλεοολῶ
911 3519 1018 3581 autem
1053 3513 1208 3580 relatione
1236 3517 1278 3601 (c.
1304 3514 1340 3599 8)
1368 3510 1500 3577 Hicetas
1530 3511 1569 3574 τὰ

324 3621 459 3685 πλεῖστα
481 3626 558 3707 με’ρη
584 3624 645 3685 τῶν
666 3626 877 3710 Συρακουσῶν
899 3623 1097 3707 κατειληφώς
1118 3622 1238 3685 ἐκεῖνον
1261 3620 1320 3703 μὲν
1340 3622 1385 3694 εἰς
1401 3619 1456 3705 τὴν
1470 3613 1569 3704 ἀκρό-

303 3728 421 3797 πολιν
443 3728 496 3791 καὶ
520 3729 575 3815 την
598 3731 796 3815 καλουμένην
812 3734 921 3817 Νῆσον
944 3731 1195 3813 συνεσταλμένον
1217 3728 1315 3802 αὖτὸς
1329 3726 1569 3811 συνεπολιόρκει

322 3835 376 3898 καὶ
398 3838 663 3922 συμπεριετείχιζε
687 3839 741 3926 (cf.
764 3859 789 3905 c.
810 3843 866 3904 ll:
901 3834 955 3902 ὅτε
976 3838 1030 3901 καὶ
1053 3835 1247 3901 παντάπασι
1270 3840 1384 3920 συνέβη
1409 3834 1480 3908 τούς
1502 3838 1568 3897 Συ-

322 3947 486 4029 ρακοσίους
509 3944 697 4024 ἀπογνῶναι
722 3947 778 4031 την
796 3951 967 4033 σωτηρίαν,
989 3944 1128 4032 ὁρῶντας
1151 3947 1207 4009 τοῦ
1231 3944 1291 4026 μὲν
1313 3943 1438 4025 λιμένος
1460 3940 1569 4007 αὐτῶν

323 4051 559 4137 Καρχηδονίους
580 4055 786 4140 κρατοῦντας,
810 4055 867 4139 τὴν
889 4054 924 4117 δὲ
946 4048 1044 4118 πόλιν
1060 4052 1178 4137 Ἱκέτην
1197 4050 1324 4132 ἔχοντα,
1347 4053 1401 4135 τῆς
1423 4051 1453 4114 δ’
1469 4050 1570 4136 ἄκρας
1620 4091 1622 4094 -

285 4174 288 4181 ’
323 4156 506 4244 κυριεύοντα
540 4162 730 4239 Διονύσιον,
768 4162 962 4245 Τιμολέοντα
996 4161 1032 4225 δὲ
1053 4161 1134 4246 κτλ).
1194 4157 1227 4225 Ο.
1260 4161 1301 4226 13
1330 4157 1501 4245 Dionysius
1535 4178 1568 4223 se

398 4433 418 4502 1)
438 4438 472 4502 u,
492 4453 517 4505 p.
539 4437 600 4491 erc.

399 4524 420 4593 ²)
440 4529 538 4598 Volqu.
558 4528 648 4597 pes.

351 4639 354 4644 ·
395 4614 417 4692 ὃ)
437 4620 516 4677 Holm
534 4619 697 4693 11,p.4eo.
