3392 5300
677 410 807 512 „¹27
858 489 899 496 -

166 629 262 716 paulo
279 631 352 696 ante
377 628 416 694 de
440 627 567 694 exulum
590 627 832 715 colonorumque
856 629 890 694 in
905 627 1047 695 Siciliam
1071 628 1209 695 adventu
1232 630 1407 696 accuratius

166 741 278 824 agit).

256 845 345 912 Haec
369 850 442 912 sunt
457 867 537 932 quae
555 846 592 913 de
610 867 635 911 c.
651 849 692 912 69
710 849 743 912 et
759 867 784 912 c.
804 849 847 912 70
864 847 995 913 Diodori
1010 868 1081 914 cnm
1096 845 1267 914 Plutarcho
1284 837 1416 913 collatis

166 956 322 1042 imprimis
337 954 478 1020 notanda
493 955 571 1020 mihi
588 955 740 1020 videntur.
776 953 822 1020 At
834 953 1062 1041 Volquardsen,
1074 976 1169 1041 quem
1181 955 1409 1041 discrepantiae

167 1063 294 1127 minime
323 1062 483 1145 fugerant,
514 1063 725 1128 confusionem
749 1082 854 1128 rerum
877 1067 1116 1150 temporumque
1138 1065 1293 1129 rationem
1315 1063 1411 1128 vehe-

167 1170 363 1236 mentissime
392 1191 573 1257 perversam
601 1191 618 1236 e
641 1169 774 1236 levitate
801 1170 988 1257 inscitiaque
1011 1169 1142 1236 Diodori
1165 1175 1252 1238 ortas
1275 1170 1408 1255 duxit2),

166 1276 249 1363 quod
265 1277 394 1342 minime
415 1277 493 1342 mihi
509 1276 680 1363 probavit?
703 1275 844 1342 Primum
868 1279 951 1343 enim
974 1278 1058 1364 quod
1069 1277 1296 1365 Volqnardsen,
1320 1281 1409 1367 qui³)

167 1385 391 1452 dissensionem
412 1385 542 1451 Diodori
566 1390 599 1451 et
621 1383 785 1452 Plutarchi
809 1385 847 1452 de
871 1391 1013 1473 tempore
1036 1386 1240 1474 Timophanis
1264 1387 1410 1454 caedise

167 1492 296 1561 Timaeo
327 1515 346 1558 a
374 1491 513 1559 Diodoro
548 1492 727 1559 foedissime
763 1493 936 1580 depravato
967 1494 1110 1560 deiuvare
1138 1510 1200 1560 non
1229 1516 1322 1562 ausus
1351 1501 1409 1577 est,

165 1601 296 1668 Diodori
321 1622 389 1687 cpp.
417 1604 470 1683 69,
496 1604 539 1666 70
564 1623 580 1666 e
601 1599 765 1668 Plutarchi
788 1603 877 1667 fonte
899 1602 1027 1668 fluisse
1049 1603 1223 1669 arbitratus
1245 1607 1296 1670 est
1318 1603 1411 1669 valde

166 1711 273 1775 miror.
322 1710 394 1776 Non
417 1712 519 1776 minor
542 1711 682 1797 profecto
707 1710 892 1797 depravatio
915 1713 967 1791 sit,
993 1713 1019 1777 si
1044 1713 1169 1777 omnino
1192 1717 1256 1794 est3
1281 1712 1413 1778 audacia

166 1817 218 1882 vel
243 1820 346 1905 potius
371 1817 580 1904 impudentia,
611 1840 674 1905 qua
697 1818 854 1885 Diodorus
877 1821 988 1906 capita
1010 1818 1069 1884 illa
1091 1839 1108 1884 e
1134 1820 1229 1887 fontis
1251 1823 1300 1887 sui
1323 1841 1412 1887 accu-

168 1927 329 1992 ratissima
358 1927 538 2013 optimoque
567 1926 674 1992 ordine
702 1927 891 2013 procedente
914 1929 1095 1993 narratione
1119 1927 1351 2011 conglutinasse
1375 1950 1412 1995 ac

166 2036 341 2120 corrupisse
358 2032 595 2120 Volquardseno
611 2039 738 2101 auctore
756 2035 923 2115 videretur,
948 2040 1040 2101 tanta
1057 2040 1115 2115 est,
1139 2041 1259 2122 quanta
1274 2016 1412 2102 Diodoro

101 2201 107 2212 .
167 2141 254 2208 nullo
286 2145 352 2208 iure
380 2145 529 2229 imputari
560 2142 663 2209 debet.
710 2143 832 2210 Deinde
857 2143 1030 2211 Diodomm
1059 2146 1195 2211 auctoris
1222 2147 1269 2211 sui
1294 2187 1337 2194 —
1361 2145 1413 2211 Ti-

168 2253 253 2316 maei
277 2291 319 2300 -
343 2251 531 2317 relationem
560 2253 740 2318 continuam
768 2253 815 2318 ita
842 2254 1085 2319 transformasse
1109 2274 1147 2319 ac
1169 2255 1352 2333 mutavisse,
1376 2258 1414 2319 ut

166 2359 299 2424 notitiae
334 2359 373 2424 de
402 2358 596 2446 Theopompi
630 2359 878 2447 Philippicomm
912 2360 1002 2428 libris
1038 2364 1168 2427 39-41
1200 2383 1217 2426 e
1246 2363 1333 2427 fonte
1354 2360 1412 2426 illo

166 2467 356 2550 gravissima
383 2466 561 2534 litterariae
589 2467 739 2534 historiae
769 2469 855 2535 facta
882 2469 1112 2556 complectente
1136 2475 1302 2557 excerptae
1326 2491 1426 2552 acco,

166 2574 325 2656 modarot,
356 2577 426 2663 quis
440 2575 678 2663 Volquardseno
706 2581 913 2661 assentiatur,
942 2581 997 2666 qui
1023 2581 1108 2645 inter
1129 2599 1238 2646 omnes
1261 2579 1414 2645 eiusmodi

166 2684 387 2751 adnotationes
417 2689 451 2750 et
473 2685 603 2751 Diodori
632 2688 731 2773 ipsius
759 2689 973 2753 narrationem
1001 2687 1123 2753 nullam
1151 2687 1413 2755 necessitudinem

166 2792 360 2859 intercedere
385 2794 451 2879 ipse
476 2792 722 2860 luculentissime
740 2794 897 2860 ostendit?
934 2794 982 2861 Ne
998 2796 1030 2860 id
1046 2796 1172 2881 quidem
1189 2798 1218 2861 ei
1233 2796 1411 2877 concedam,

167 2921 187 2965 a
210 2902 361 2986 scriptore
390 2900 447 2967 illo
476 2921 533 2988 pro
562 2922 668 2988 pugna
696 2902 736 2967 ad
761 2901 929 2968 Crimisum
958 2906 1127 2969 commissa
1155 2903 1300 2990 Dionysii
1327 2904 1414 2970 dedi-

166 3010 286 3075 tionem
314 3012 450 3096 positam
475 3031 553 3076 esse.
590 3008 731 3076 Primum
754 3012 839 3076 enim
861 3010 964 3092 illum,
989 3014 1043 3097 qni
1067 3012 1105 3077 de
1128 3011 1259 3098 reliquis
1282 3016 1414 3099 scripto-

167 3118 253 3185 ribus
283 3120 456 3185 rectissime
485 3119 664 3201 adnotavit,
694 3122 727 3184 in
755 3120 814 3186 hoa
842 3140 903 3185 uno
927 3118 997 3185 loco
1021 3123 1088 3184 tam
1112 3120 1227 3185 leviter
1249 3122 1350 3205 egisse
1378 3124 1415 3185 ut

168 3226 255 3291 facta
284 3225 344 3292 duo
373 3228 463 3292 annis
491 3226 645 3293 distantia
673 3227 876 3293 confunderet
904 3230 957 3293 vix
987 3228 1157 3294 verisimile
1186 3233 1244 3295 est.
1292 3227 1413 3293 Deinde

171 3333 247 3419 quid
273 3334 386 3415 obstet,
412 3338 577 3421 quominus
592 3334 737 3421 Dionysii
761 3336 952 3402 deditionem
969 3337 1132 3423 aptissime
1148 3336 1295 3401 ultimum
1311 3336 1414 3403 locum

169 3444 331 3508 tenentem
356 3442 593 3530 aTheopompo
617 3464 690 3510 vere
714 3445 771 3511 sub
796 3465 878 3510 anno
903 3447 967 3511 343
984 3449 1147 3510 narratam
1163 3465 1232 3511 esse
1249 3466 1412 3531 ponamus,

169 3571 233 3616 non
267 3551 369 3617 video.
419 3550 537 3617 Contra
571 3573 609 3617 ex
637 3573 674 3617 eo
703 3552 785 3638 ipso,
822 3552 905 3639 quod
933 3551 1113 3618 aDiodoro
1142 3554 1223 3619 arcis
1252 3554 1414 3639 occupatio

170 3680 252 3725 anno
278 3661 341 3727 343
367 3660 469 3743 datur,
495 3680 565 3727 cum
581 3659 745 3747 Holmio⁴)
767 3660 1021 3748 Theopompeam
1037 3660 1222 3726 relationem
1238 3661 1414 3727 Diodoreae

64 3821 73 3827 .
168 3770 343 3834 namationi
366 3770 493 3836 subesse
517 3770 635 3836 conicio
660 3808 701 3819 —
726 3769 813 3835 aliud
829 3769 1025 3856 Theopompi
1047 3771 1216 3853 vestigium
1238 3773 1303 3835 iam
1319 3764 1415 3852 agno-

168 3876 271 3942 vimus
296 3904 354 3959 -3
391 3877 474 3964 quod
496 3877 651 3943 Diodorus
687 3878 744 3944 sub
780 3882 916 3963 quatuor
950 3881 1040 3944 annis
1069 3880 1213 3964 exponit,
1250 3898 1331 3963 quae
1360 3898 1417 3963 per

169 4005 266 4049 unum
301 4006 415 4051 annum
445 3986 532 4051 facta
560 3989 647 4067 sunt,
683 3987 812 4051 minime
841 3985 986 4069 offendit3
1022 4007 1093 4053 cum
1121 3985 1204 4052 aliae
1227 4007 1277 4051 res
1300 3987 1330 4051 ei
1351 4006 1415 4050 non

169 4096 296 4178 praesto
320 4096 434 4175 essent,
459 4097 594 4180 quatuor
617 4094 801 4161 archontum
826 4115 924 4160 annos
947 4094 989 4160 ol.
1016 4097 1090 4176 108,
1107 4096 1248 4175 2-109,
1267 4100 1284 4157 2
1300 4092 1415 4159 Siculis

171 4228 385 4241 —m-n———ffl-

248 4290 268 4361 ¹)
289 4294 366 4351 (torn.
386 4296 476 4363 Nepos
502 4296 529 4347 in
556 4298 675 4363 tempore
699 4312 752 4364 quo
772 4296 911 4349 Timoleon
936 4298 1008 4365 leges
1032 4297 1239 4364 libertatemque
1260 4295 1415 4351 civitatibus

169 4386 299 4451 reddidit,
320 4386 474 4439 definiendo
494 4387 602 4439 omnino
623 4401 684 4439 cum
703 4386 819 4443 Diodoro
839 4388 917 4456 iacit3
936 4388 983 4444 vit.
1004 4386 1071 4443 Tim.
1094 4387 1119 4446 3,

243 4472 264 4542 ¹)
285 4496 311 4545 p.
331 4476 374 4531 98,

242 4563 264 4631 ’)
284 4584 311 4636 p.
332 4567 375 4621 96.

243 4652 264 4727 ⁴)
284 4658 317 4723 Π,
337 4674 364 4729 p.
385 4657 446 4712 loo.
