3392 5300
778 414 998 486 ,56-

270 597 367 667 verba
389 623 409 666 a
429 601 591 668 Demetrio
614 601 684 688 ipso
708 621 746 666 ex
767 599 934 688 Hermippi
958 599 1039 667 libro
1062 604 1192 688 recepta
1213 605 1247 667 et
1270 602 1302 667 in
1326 623 1416 667 suam
1439 621 1511 667 sen·

268 711 402 776 tentiam
426 714 551 776 mutata
573 712 606 786 ip
630 710 837 797 archetypum
860 707 1113 776 PsPlutarcheae
1136 711 1223 775 vitae
1248 713 1409 776 venerunt.

344 816 526 884 Platonem
559 817 784 885 Demosthenis
818 823 1055 904 praeceptorem
1090 818 1187 885 fuisse
1221 818 1253 884 in
1289 817 1353 884 alio
1387 837 1511 905 quoque

269 927 456 1010 fragmento,
482 922 565 1012 quod
588 925 628 991 ad
652 930 793 992 nostram
814 928 1033 1012 quaestionem
1049 928 1164 992 summi
1179 925 1326 1013 ponderis
1342 929 1401 1007 est,
1426 919 1514 991 comss

269 1039 476 1100 memoratum
500 1035 685 1100 invenimus.
733 1033 792 1100 Est
814 1035 1014 1100 notissimum
1039 1033 1119 1100 illud
1148 1055 1168 1100 a
1190 1033 1294 1100 Gellio
1319 1033 1358 1099 N.
1383 1032 1422 1099 A.
1449 1031 1512 1113 III,

272 1145 312 1210 13
339 1147 513 1225 servatum,
543 1145 606 1225 oui,
636 1163 828 1230 quamquam
856 1162 919 1208 non
947 1146 1079 1234 constat·
1099 1163 1195 1229 quarn
1223 1148 1370 1209 accurate
1398 1161 1515 1226 graeca

270 1249 366 1318 verbe
388 1250 573 1331 reddiderit,
603 1255 711 1316 tamen
734 1255 771 1315 ut
793 1251 884 1316 unico
906 1251 993 1343 testi*
1010 1249 1088 1339 tides
1116 1271 1179 1316 non
1207 1249 1390 1334 abroganda
1416 1253 1465 1315 est
1476 1251 1512 1335 ¹).

270 1359 344 1426 Tria
367 1359 407 1425 ab
431 1337 790 1446 Hermippo'doeemur,
816 1357 1064 1425 Demosthenem
1087 1357 1256 1424 admodum
1281 1358 1515 1424 adulescentem

271 1466 438 1534 Platonem
466 1467 573 1533 audire
602 1466 730 1532 solitum
759 1487 843 1548 esse,
873 1466 927 1533 sed
951 1464 1129 1533 Callistrati
1159 1468 1300 1533 oratione
1323 1470 1357 1531 in
1381 1465 1517 1552 Oropica

271 1597 366 1644 causa
393 1575 505 1641 habita
533 1597 553 1640 a
581 1573 782 1663 philosophia
811 1574 852 1640 ad
880 1572 1080 1662 eloquentiae
1107 1574 1247 1641 studium
1281 1573 1446 1641 deflexisse
1482 1576 1516 1669 et

271 1677 492 1750 Callistratum
515 1679 625 1772 ipsum
642 1685 756 1750 sectari
781 1685 930 1770 coepisse.
972 1681 1058 1761 Quae
1081 1682 1318 1749 narratiuncula
1336 1687 1516 1769 temporum

271 1789 446 1859 rationibus
462 1813 523 1859 non
539 1813 716 1879 repugnans
725 1794 752 1878 ²)
770 1791 854 1879 apud
870 1789 1027 1858 neminem
1052 1791 1295 1877 biographorum
1318 1790 1429 1857 eadem
1453 1809 1518 1876 qua

273 1899 356 1987 apud
380 1899 520 1966 Gellium
542 1899 660 1984 legitur
683 1901 786 1966 forma
810 1904 909 1966 extat.
957 1898 1103 1966 Proxime
1126 1897 1269 1985 Zosimus
1297 1899 1433 1979 accedit,
1461 1900 1518 1984 qui

273 2011 348 2089 298,
375 2010 416 2076 38
439 2029 486 2095 sq.
503 2007 749 2075 Demosthenem
766 2006 895 2074 Platoni
911 2027 1038 2094 operam
1055 2006 1189 2088 dedisse,
1215 2006 1392 2073 Callistrati
1409 2010 1518 2072 autem

273 2114 416 2203 exemplo
445 2115 623 2203 perculsum
651 2115 850 2203 eloquentiae
879 2136 947 2182 sese
976 2115 1100 2183 dedisse
1127 2139 1207 2182 unus
1235 2118 1373 2182 omnium
1407 2115 1516 2197 refert,

272 2219 329 2290 sed
350 2219 429 2290 nihil
450 2223 488 2290 de
505 2246 600 2292 eausa
616 2224 759 2312 Oropica,
784 2223 865 2290 nihil
881 2224 919 2290 de
935 2223 1147 2290 Demosthene
1165 2223 1345 2290 callistrati
1361 2218 1518 2289 sectatore

273 2325 514 2399 commemorat:
530 2323 676 2400 ·¹Erraiit
699 2353 772 2398 vero
788 2331 948 2418 Lozynski
969 2335 1013 2421 (p.
1034 2335 1087 2414 4³,
1114 2335 1194 2419 117)
1211 2332 1294 2420 quod
1310 2330 1518 2398 Plutarchum

271 2441 305 2505 in
328 2460 360 2506 e.
381 2440 400 2504 5
424 2434 495 2506 'oum
519 2438 665 2506 Gelliano
694 2439 762 2507 loco
791 2439 909 2506 collato
932 2439 1101 2528 Hermippi
1128 2441 1229 2506 vitam
1258 2439 1297 2506 ob
1326 2438 1432 2506 oculos
1460 2439 1519 2504 ha-

273 2542 383 2614 buisse'¹
394 2549 599 2629 existimavit,
624 2567 719 2634 quam
735 2548 925 2614 sententiam
943 2546 1013 2613 Gar.
1033 2546 1166 2614 Mueller
1190 2548 1242 2630 (fr.
1260 2547 1291 2612 h.
1309 2569 1354 2632 gr.
1373 2547 1432 2630 ΙΙΙ,
1458 2549 1519 2634 50)

273 2659 407 2744 recepit,
436 2656 566 2743 Haug³)
596 2656 706 2744 cupide
731 2658 879 2743 arripuit,
910 2656 1129 2743 Scheurleer⁴)
1158 2662 1191 2723 et
1214 2656 1363 2724 Gebhard
1387 2661 1432 2745 (p.
1459 2659 1519 2743 ll)

274 2766 500 2851 probaverunt,
536 2785 667 2851 quorum
702 2763 753 2832 hic
781 2763 988 2831 Plutarchum
1016 2763 1184 2851 Hermippi
1219 2766 1362 2849 vestigiis
1396 2766 1444 2831 ita
1470 2766 1521 2830 in-

275 2876 399 2940 stitisse*
419 2870 566 2959 opinatus
589 2877 648 2955 est,
673 2876 709 2940 ut
732 2880 788 2940 eut
811 2875 878 2940 eius
901 2874 1092 2940 sententiam
1116 2873 1335 2959 comprobaret
1358 2876 1413 2939 aut
1436 2871 1520 2938 alius

275 2982 437 3067 scriptoris
472 2980 555 3068 apud
582 2980 791 3067 Hermippum
828 2980 963 3047 allatam
983 2978 1180 3046 'relationem
1209 2979 1453 3066 probabiliorem
1473 2976 1520 3046 'ac

277 3089 519 3156 commodiorem
543 3110 611 3157 esse
635 3094 771 3176 putaret.
812 3088 901 3167 Quod
923 3089 1052 3155 minime
1075 3088 1153 3154 mihi
1176 3086 1332 3175 probavit.
1376 3083 1519 3152 Primum

277 3198 362 3263 enim
386 3199 412 3264 si
436 3198 545 3265 fabule
567 3198 626 3265 illa
649 3198 687 3264 de
712 3197 845 3284 Oropiea
870 3218 965 3263 causa
988 3219 1007 3263 a
1029 3195 1200 3264 Plutarcho
1225 3198 1277 3284 (5)
1300 3195 1421 3262 tradita
1444 3197 1521 3262 scri-

278 3306 378 3391 ptoris
407 3305 546 3371 euisdam
575 3303 615 3370 ab
643 3304 818 3392 Hermippo
846 3305 938 3371 citati
966 3309 1062 3387 esset,
1096 3304 1284 3388 significatio
1312 3305 1351 3370 iis
1378 3324 1458 3390 quae
1487 3306 1522 3370 in

279 3412 388 3478 eodem
412 3413 515 3498 eapite
539 3408 770 3498 subsequuntur
793 3407 903 3498 (Ἔριν.
921 3412 957 3476 δέ
972 3431 1070 3498 φησιν
1084 3411 1275 3486 ἀδεσπότοις
1290 3410 1522 3496 ὑπομνήμασιν

278 3521 431 3607 ἐντυχεῖν,
454 3521 489 3583 ἐν
512 3519 557 3594 οἷς
579 3520 755 3606 ἐγέγραπτο
761 3550 771 3597 ,·
795 3524 963 3606 Κτησιβίου
983 3524 1138 3604 μέμνηται
1159 3520 1305 3599 λέγοντος
1320 3519 1391 3604 κτλ)
1407 3517 1522 3585 similis

279 3631 405 3693 omnino
429 3627 668 3709 desideraretur,
694 3626 805 3693 deinde
830 3647 910 3714 quae
934 3626 1101 3713 Hermippi
1124 3629 1222 3713 ipsius
1246 3629 1339 3693 fuerit
1362 3628 1523 3694 sententia

360 3896 379 3966 ¹)
400 3901 591 3967 Hermippeum
612 3901 685 3954 hune
703 3903 792 3954 locum
814 3916 876 3954 eum
894 3902 1031 3969 superiore
1050 3905 1108 3954 arte
1133 3901 1308 3954 coniunctum
1333 3902 1483 3965 exstitisse,
1507 3917 1523 3954 e

283 3991 414 4044 Gellianis
434 3992 521 4045 verbis
540 3991 620 4044 etiam
640 4007 713 4045 nunc
731 3992 902 4060 perspicitur.
934 3992 972 4045 Ea
990 3993 1060 4045 enim
1075 4007 1145 4060 quaa
1159 3990 1262 4044 Gellius
1276 3992 1415 4059 Hermippi
1434 3992 1522 4059 ipsius

280 4082 430 4135 sententiae
450 4080 553 4135 directa
571 4081 690 4134 oratione
711 4079 812 4150 (Atque
825 4082 857 4147 is,
877 4083 976 4151 inquit,
996 4099 1018 4136 e.
1034 4098 1061 4151 q.
1074 4080 1107 4146 s.)
1122 4097 1260 4149 expressae
1273 4082 1413 4149 praemisit
1425 4082 1519 4149 uerba:

285 4172 464 4238 „Hermippus
484 4172 535 4223 hoc
554 4170 685 4239 seriptum
703 4171 815 4240 reliquit
834 4189 856 4225 e.
876 4185 902 4241 q.
922 4172 960 4225 s.“
981 4199 1015 4209 -
1035 4186 1198 4241 quamquam
1220 4172 1369 4240 „seriptum
1392 4172 1520 4241 reliquit“

282 4276 336 4314 non
356 4262 395 4314 ita
414 4264 446 4314 ut
465 4260 606 4314 Gebhardo
626 4262 733 4317 videtur
752 4261 789 4331 (p.
812 4260 856 4329 ll)
875 4263 1078 4331 interpretanda
1096 4263 1162 4315 sunt
1182 4287 1216 4296 -
1236 4262 1366 4329 superiori
1385 4262 1429 4316 illi
1450 4262 1521 4315 alius

283 4352 400 4405 auctoris
420 4352 454 4406 ab
474 4351 617 4420 Hermippo
638 4356 860 4406 commemoratae
879 4353 1004 4409 relationi
1024 4353 1124 4421 optime
1144 4351 1315 4419 respondent.

355 4436 377 4507 ¹)
396 4441 529 4508 Schaefer,
549 4444 579 4496 D.
600 4460 626 4496 u.
647 4460 667 4497 s.
688 4445 726 4510 Ζ,
745 4445 766 4511 Ι,
787 4444 834 4510 97,
855 4444 916 4499 176.

354 4526 499 4601 ⁸)1.l.p.
521 4532 562 4587 75.

357 4618 378 4700 ⁴)
399 4623 437 4675 De
456 4624 591 4677 Demetrio
611 4624 731 4703 Magnete
751 4624 853 4700 disput.
873 4624 970 4700 philol,
1009 4622 1133 4700 Lugdun.
1155 4621 1246 4681 Batai.
1269 4620 1346 4681 1858.
1384 4639 1411 4695 p.
1431 4623 1474 4677 64.
