3392 5300
791 445 1012 514 ..yp-

280 645 362 696 nove
384 623 501 718 partim
524 625 579 714 iis,
615 647 696 717 qnae
724 629 758 696 in
785 629 922 717 pristina
955 630 1093 697 vitarum
1120 623 1223 697 forme
1249 627 1395 718 exposita
1421 631 1521 712 erant

280 741 438 806 contraria
466 738 669 806 afferentibus
697 739 902 806 conturbatus
929 743 993 821 est,
1023 758 1041 805 5
1064 737 1221 806 rhetorica
1243 739 1409 826 archetypi
1432 744 1522 826 parte

279 851 455 914 memoratu
490 847 645 936 imprimis
673 847 768 933 digna
795 847 900 916 libata
927 855 961 915 et
989 847 1096 935 aliquo
1119 847 1213 914 modo
1236 869 1306 914 curn
1330 849 1405 914 vitis
1428 851 1523 935 (quas

278 954 406 1042 quidem
430 957 556 1043 proprio
579 977 672 1023 sensu
696 959 854 1045 nuncupo)
877 961 1009 1025 consuta
1031 963 1119 1038 sunt,
1147 956 1251 1023 altera
1273 962 1389 1038 autern,
1414 957 1523 1023 arche-

278 1064 349 1151 typi
385 1063 588 1151 dispositione
623 1065 749 1132 omnino
783 1070 926 1148 servata,
962 1066 1049 1152 prior
1074 1085 1149 1153 pars
1176 1063 1287 1132 multis
1314 1065 1522 1132 recentiorum

278 1172 438 1238 rhetorum
459 1173 623 1240 sententiis
647 1171 844 1262 amplificata
867 1193 1013 1261 —·quos
1035 1193 1093 1260 per
1114 1172 1230 1257 gradum
1253 1174 1306 1238 vix
1328 1173 1401 1239 sciri
1416 1177 1523 1260 potest

279 1321 320 1332 -
346 1282 478 1349 alterius
501 1287 607 1348 autem
631 1282 731 1369 partis
753 1283 890 1370 pristina
912 1283 1015 1349 forma
1037 1281 1103 1348 lere
1126 1282 1250 1366 integra
1269 1286 1447 1369 propagata
1461 1288 1519 1348 est.

277 1389 369 1457 Hanc
392 1388 499 1456 Photii
522 1395 556 1456 et
570 1388 873 1460 Pseudo-Plutarchi
896 1391 1033 1457 vitarum
1056 1389 1223 1456 bistnriam
1234 1392 1259 1476 ¹)
1282 1390 1420 1456 brevitor
1442 1411 1523 1456 nunc

277 1497 498 1565 adumbratam
526 1501 559 1564 in
586 1497 810 1566 Demosthenis
839 1499 914 1567 ritis
941 1498 1216 1586 comprobaturum
1243 1517 1294 1565 me
1323 1519 1393 1566 5555
1420 1518 1520 1586 spero.

277 1605 340 1673 Sed
369 1611 465 1673 antea
486 1608 617 1674 notitias
641 1606 731 1690 illas,
760 1627 841 1695 quae
865 1628 903 1674 ex
926 1605 1092 1694 archetypi
1116 1607 1271 1693 prioribus
1293 1605 1427 1691 siugulis
1450 1628 1522 1694 par-

277 1715 362 1782 tibus
390 1737 409 1782 a
433 1713 841 1784 Pseudo-Plutarchearum
877 1717 1014 1782 vitarum
1049 1720 1177 1782 auctore
1204 1715 1238 1782 in
1271 1713 1402 1782 ultimos
1436 1713 1522 1782 locos

277 1827 490 1912 transpositae
515 1846 583 1893 esse
607 1825 686 1892 mihi
708 1821 865 1907 videntur,
890 1826 922 1892 iu
944 1845 1007 1891 uno
1029 1827 1199 1912 commotu
1221 1843 1470 1912 percenseamus.

367 1933 405 2000 In
427 1933 637 2002 Andocidis
660 1936 745 2003 vitae
769 1934 831 2002 fine
854 1935 980 2021 5239,
1005 1935 1141 1999 40-44
1164 1931 1262 1998 verba
1284 1933 1378 2019 deplet
1393 1933 1428 1997 81
1449 1934 1523 2019 περὶ

276 2043 411 2108 πάντων
436 2083 476 2091 -
508 2044 631 2130 εἰρήνης
665 2041 785 2110 duobus
820 2042 999 2110 auctoribus
1026 2041 1195 2108 tribuenda
1222 2059 1291 2109 5555
1319 2041 1523 2108 manifestum

276 2153 359 2238 est2)
383 2156 416 2217 et
431 2147 545 2218 Photio
570 2155 635 2220 488
656 2171 672 2208 a
690 2153 818 2218 15·-“21
846 2151 990 2218 adiutore
1012 2151 1060 2216 115
1082 2148 1195 2232 iudico,
1219 2150 1318 2217 verba
1340 2171 1371 2216 v.
1388 2152 1522 2216 42-44

275 2261 406 2336 σὸζεται
424 2300 465 2310 -
483 2261 607 2348 εῖρήνης
629 2283 691 2326 una
715 2281 786 2327 cum
809 2259 932 2328 notitiis
955 2258 994 2325 de
1010 2258 1140 2325 Socrate
1156 2256 1381 2344 contemporali
1406 2261 1452 2345 (v.
1466 2259 1522 2341 44,

276 2369 334 2455 45)
359 2389 396 2434 ac
419 2367 458 2434 de
482 2389 564 2435 anno
587 2367 689 2436 natali
712 2389 783 2436 cum
798 2367 935 2455 Lysiaco
957 2370 1151 2456 comparato,
1175 2370 1209 2432 et
1231 2364 1345 2433 iudicio
1364 2365 1522 2434 rhetorico

275 2480 319 2563 (v.
346 2478 403 2559 53,
434 2478 493 2562 54)
522 2497 559 2542 ex
588 2476 753 2563 archetypi
782 2475 885 2562 priore
913 2478 1004 2562 parte
1031 2473 1142 2541 evulsa
1167 2474 1201 2540 in
1224 2478 1400 2540 extremam
1423 2476 1523 2541 totius

274 2586 359 2653 vitae
383 2590 506 2674 partem
530 2585 708 2673 irrepsisse,
737 2585 954 2674 aposteriore
976 2582 1113 2672 quodam
1137 2584 1290 2671 scriptore
1313 2583 1410 2650 verba
1433 2583 1526 2669 dptot

275 2734 317 2744 -
341 2696 492 2779 δεομένου
515 2692 609 2760 511511
633 2695 717 2781 parti
740 2695 861 2761 inserta
883 2712 962 2760 esse.
1001 2692 1109 2780 Atque
1129 2712 1167 2759 eo
1182 2694 1342 2759 sententia
1356 2712 1429 2759 mea
1444 2694 1520 2774 exit,

274 2808 310 2869 ut
337 2803 502 2890 archetypi
537 2801 632 2868 alteri
667 2800 890 2889 biograpbicac
922 2804 1007 2891 parti
1035 2823 1144 2870 versus
1172 2804 1306 2869 47-58
1336 2802 1449 2867 mireo
1476 2842 1520 2851 -

273 2913 425 2998 Σειληνοῦ
447 2910 638 2995 assignanda
661 2932 730 2979 esse
753 2915 903 2977 statuam.
951 2911 988 2977 ln
1012 2911 1153 2998 Lysiae
1176 2912 1244 2978 vita
1267 2911 1365 2978 verba
1387 2931 1418 2998 p.
1441 2914 1519 2994 242,

275 3022 317 3087 38
342 3026 494 3109 φέρονται
517 3022 572 3085 κτλ
591 3060 631 3069 -
651 3021 727 3103 243,
752 3023 795 3086 49
819 3022 852 3086 111
872 3018 1031 3107 plerisque
1047 3041 1118 3087 cum
1134 3018 1249 3086 Photio
1265 3023 1331 3087 488
1349 3023 1369 3077 b
1386 3022 1519 3085 14-24

274 3131 321 3195 ita
336 3130 544 3212 consentiunt,
568 3134 605 3194 ut
628 3128 668 3194 ab
684 3129 744 3195 hoo
759 3129 918 3215 puriorem
933 3130 1121 3215 scripturam
1137 3132 1297 3195 servatam
1313 3148 1382 3194 5555
1398 3132 1516 3216 pateat.

274 3237 379 3304 Verba
394 3260 423 3304 v.
442 3241 484 3304 42
502 3259 549 3324 sq.
566 3237 630 3303 ἔστι
648 3277 689 3287 -
706 3242 810 3324 ἕτερος
824 3236 1060 3323 Burclubardt⁸)
1083 3234 1167 3302 male
1188 3235 1357 3318 intellexit,
1382 3256 1519 3323 namque

273 3346 314 3413 ad
337 3346 415 3413 duas
439 3345 512 3413 illas
536 3346 622 3432 ipsas
645 3366 756 3413 causas
777 3345 947 3432 pertinent,
971 3345 1084 3432 quibus
1098 3344 1214 3430 Lysias
1230 3343 1379 3411 cecidisse
1393 3343 1516 3411 dicitur.

273 3454 336 3521 Sed
359 3474 397 3519 ea
419 3474 542 3541 quoque
571 3474 652 3540 quae
681 3452 775 3540 paulo
799 3456 874 3519 ante
896 3452 1045 3537 leguntur
1068 3453 1165 3519 verba
1186 3473 1204 3518 5
1227 3453 1331 3539 priore
1353 3452 1518 3539 archetypi

273 3567 364 3651 parte
388 3564 490 3650 petita
512 3566 586 3629 sunt
609 3564 648 3629 of.
673 3562 765 3629 Phot.
791 3565 857 3630 489
876 3566 895 3620 b
911 3565 952 3630 87
978 3562 1042 3627 alde
1064 3562 1099 3625 δὲ
1119 3566 1333 3647 Appositum
1354 3561 1519 3648 μειράκιον

272 3672 365 3755 ὄντα,
402 3671 586 3758 quibuscum
621 3670 833 3759 comparanda
868 3676 943 3738 sunt
970 3672 1000 3736 in
1031 3669 1151 3736 Andoc.
1181 3670 1256 3736 vitis
1283 3667 1412 3736 PsPlut.
1439 3672 1516 3751 238,

273 3775 515 3849 44-47Ρ1151.
535 3781 599 3848 488
620 3782 796 3847 aio-aa.
836 3780 886 3847 De
910 3779 1097 3846 Isocratis
1120 3779 1189 3844 vita
1210 3775 1291 3844 nihil
1314 3778 1380 3844 iam
1403 3778 1515 3861 haheo,

272 3887 355 3974 quod
389 3888 562 3974 proieram3
601 3889 681 3956 satis
711 3891 760 3956 est
791 3908 934 3970 monere,
974 3908 1137 3953 numerum
1169 3888 1346 3953 orationum
1378 3908 1408 3973 p.
1439 3888 1515 3968 251,

274 3998 315 4061 10
332 4018 378 4082 sq.
404 3995 584 4083 sepulturae
602 3998 779 4064 accuratius
795 3996 959 4083 expositae
975 3995 1117 4062 additum
1134 4015 1213 4078 esse,
1237 3995 1277 4061 ci.
1294 3993 1388 4061 Phot.
1413 3998 1480 4062 486
1497 3999 1516 4053 b

272 4105 405 4191 4-74).
453 4103 555 4171 lsaei
578 4104 679 4171 vitam
703 4126 720 4170 e
744 4104 865 4171 duabus
888 4102 1031 4191 partibus
1055 4106 1219 4170 consutam
1242 4123 1311 4170 esse
1334 4123 1426 4169 nemo
1454 4124 1515 4169 non

271 4212 372 4295 videt,
409 4232 479 4279 cum
502 4211 635 4279 Photius
664 4211 902 4300 simplicissima
928 4212 1135 4299 dispositione
1162 4216 1288 4279 servata
1316 4212 1453 4299 primum
1476 4210 1516 4279 de

347 4394 368 4463 ¹)
387 4399 421 4453 ci.
442 4398 575 4463 Schaeter,
595 4396 705 4463 Coram,
724 4413 750 4465 p.
771 4395 815 4451 87.
835 4396 880 4452 38.

344 4483 366 4555 ’)
386 4488 474 4556 Blera,
493 4488 552 4542 htt.
572 4486 682 4553 Berads,
701 4486 732 4553 1.‚
751 4485 815 4541 285.

343 4574 365 4644 ’)
385 4579 460 4634 0555.
480 4580 583 4647 fragm,
603 4594 629 4647 p.
650 4574 694 4632 52.
787 4628 794 4647 ,

342 4665 365 4740 ⁴)
384 4669 477 4727 Photii
491 4668 572 4724 verba
584 4667 637 4722 488
646 4666 660 4705 b
670 4665 775 4721 11-13
787 4666 884 4737 rtrum
896 4693 929 4704 -
939 4670 1018 4738 τριῶν
1030 4683 1048 4720 5
1060 4666 1190 4721 continua
1198 4667 1255 4721 vita
1265 4666 1431 4736 segreganda
1439 4668 1513 4722 snut

1679 2589 1681 2644 1

1678 2665 1680 2724 1

1677 2741 1679 2804 1

1676 2829 1678 2884 1

1675 2909 1677 2964 1

1674 3013 1676 3042 1

1672 3073 1675 3122 1
