3392 5300
813 381 1036 448 „54-

216 609 220 616 ,
303 563 528 650 probabilitate
557 562 680 630 statuit.
735 559 814 628 Cum
846 558 927 628 nihil
959 562 1124 647 praeterea
1159 581 1175 626 c
1204 559 1312 645 Satyri
1348 556 1545 644 amplissimo

304 693 396 758 opere
413 671 451 737 de
467 669 682 738 Demosthene
699 670 842 736 fortunae
858 669 1026 756 iniquitate
1042 667 1132 734 nobis
1148 670 1308 734 servatum
1324 666 1376 748 sit,
1393 669 1547 752 quantum

303 777 493 846 Plutarchus
521 778 562 842 ab
590 777 646 844 illo
675 776 813 864 pendeat
841 775 971 844 definire
998 796 1062 842 nou
1088 776 1189 842 audeo
1212 773 1346 861 (Gebh,
1375 775 1544 859 20-23).

304 887 486 954 Aristonem
511 883 608 952 Ouum
636 886 740 971 ipsum
767 904 891 971 quoque
918 881 1166 972 Peripateticum
1194 903 1215 948 a
1238 880 1410 949 Plutarcho
1439 903 1547 949 narra·

303 996 399 1062 tionis
428 993 515 1060 illius
542 994 635 1060 testis
663 992 732 1059 loco
761 992 867 1058 afferri
896 995 937 1079 (c.
962 993 1037 1078 30),
1066 990 1215 1058 Gebhard
1243 1013 1273 1079 p.
1299 994 1343 1056 20
1371 1011 1434 1058 non
1460 995 1546 1057 recte

305 1105 452 1190 opinatus
476 1105 535 1168 est.

395 1209 539 1276 Certiora
562 1208 600 1274 de
623 1207 830 1296 Hermippo
854 1207 1028 1295 Smyrnaeo
1040 1210 1064 1295 ¹)
1088 1211 1228 1276 statuere
1251 1208 1341 1291 lieet,
1372 1209 1460 1274 cuius
1484 1211 1547 1288 βίοι

305 1320 346 1386 ah
375 1317 534 1400 omnibus,
570 1319 625 1404 qui
652 1318 684 1382 in
711 1318 787 1384 vitis
815 1318 953 1383 virorum
982 1318 1093 1404 quovis
1122 1317 1155 1382 in
1183 1337 1296 1400 genere
1327 1315 1549 1382 excellentium

305 1425 504 1494 illustrandis
528 1426 645 1492 versati
661 1429 743 1508 sunt,
768 1425 978 1492 libentissime
994 1423 1158 1510 compilati
1173 1428 1256 1491 sunt.
1296 1423 1344 1490 Ex
1359 1422 1550 1512 amplissimi
1676 1428 1677 1457 ²

307 1529 505 1602 Callimacho
529 1537 655 1600 auctore
679 1533 817 1600 instituti
842 1535 945 1620 operis
968 1553 1110 1620 eaquae
1134 1537 1292 1598 oratorum
1310 1533 1404 1615 vitas,
1429 1530 1549 1618 pleras-

307 1664 367 1731 que
396 1643 566 1727 diligenter
593 1646 772 1724 enarratas,
809 1642 1006 1724 continebat,
1041 1645 1132 1728 parte
1160 1663 1273 1708 novem
1302 1641 1481 1724 fragmenta
1509 1638 1550 1706 ad

305 1750 530 1820 Demosthenis
558 1752 658 1816 vitam
686 1749 879 1836 pertinentia
905 1753 1034 1816 servata
1059 1752 1148 1831 sunt,
1184 1770 1316 1836 quorum
1343 1753 1478 1835 quatuor
1511 1747 1550 1813 de

307 1858 564 1946 praeceptoribus
588 1863 686 1942 agunt
709 1863 804 1945 atque
829 1858 890 1925 duo
913 1857 1040 1945 quidem
1064 1858 1102 1924 de
1118 1858 1218 1942 Isaeo,
1244 1879 1325 1946 quae
1346 1878 1428 1924 nuno
1448 1857 1550 1946 primo
1677 1874 1678 1883 ¹

308 1967 377 2036 loco
393 1988 641 2054 percenseamus.
678 1965 770 2034 Prius
785 1966 870 2053 apud
882 1965 1166 2054 Harpocrationcm
1180 1970 1230 2032 est
1246 1965 1406 2053 (Dindorf,
1423 1988 1454 2052 p.
1470 1967 1551 2051 162)

307 2099 331 2142 S.
357 2096 387 2142 v.
422 2075 546 2150 Ἰσαῖοςε
576 2073 618 2150 εἷς
637 2078 696 2158 μέν
711 2075 776 2138 ἐστι
794 2078 855 2138 τῶν
871 2074 947 2138 δέκα
963 2074 1114 2161 ῥητόρων,
1136 2075 1286 2160 μαθητής
1301 2072 1552 2160 δὲἸσοκράτοος,

307 2180 499 2256 διδάσκαλος
514 2182 549 2245 δὲ
560 2185 800 2266 Δημοσθένους,
810 2181 988 2274 Ἀθηναῖος
1004 2183 1038 2245 τὸ
1049 2186 1141 2260 γένος
1151 2181 1244 2244 καθά
1259 2177 1552 2267 φησιν’Ὲρμιππος
1678 2192 1679 2217 ¹

307 2291 343 2367 ἐν
370 2294 402 2372 β’
430 2289 503 2376 περὶ
532 2293 594 2352 τῶν
625 2288 811 2375 Ισοιιράτοος
837 2291 1005 2374 μαθητῶν.
1057 2287 1235 2376 Δημήτριος
1263 2289 1294 2352 δ’
1322 2289 1357 2351 ἐν
1387 2302 1450 2364 τοῖς
1477 2290 1552 2372 περὶ
1678 2334 1679 2379 l

306 2399 479 2482 ὁμονύμοιν
502 2400 644 2483 ποιητῶν
660 2397 824 2462 Χαλκιδέα
841 2416 938 2484 φησιν
954 2396 1054 2462 aaron
1070 2400 1162 2462 εἶναι.
1203 2396 1316 2464 Suidas
1332 2397 1446 2463 eadem
1460 2395 1552 2464 affert

309 2507 412 2573 vorbis
436 2507 528 2570 καθά
556 2525 652 2590 φησιν
677 2545 717 2555 -
743 2509 901 2591 μαθητῶν
925 2505 1063 2588 omissiS,
1094 2505 1183 2571 addit
1209 2526 1297 2572 vcro:
1333 2503 1426 2580 οὗτος
1453 2506 1551 2582 ἔπαι-

309 2627 409 2681 ντΐται
433 2614 486 2679 καὶ
508 2614 550 2691 ὡς
573 2613 674 2702 ῥήτωρ
697 2614 751 2679 καὶ
773 2613 814 2690 ὡς
829 2619 1044 2702 Δημοσθένην
1066 2614 1185 2699 ἀμισθὶ
1208 2615 1449 2702 προαγαγώνῖ).
1488 2613 1551 2681 Ac·

310 2724 395 2791 cedit
422 2726 535 2790 tertius
560 2722 731 2809 Dionysius
754 2722 1028 2793 Halieamasseuis
1056 2724 1110 2811 (de
1133 2724 1175 2791 ls.
1204 2723 1268 2793 iud.
1299 2725 1364 2810 1):.
1392 2723 1465 2788 otor
1490 2725 1551 2810 γὰρ
1679 2756 1681 2803 ι

309 2832 326 2897 ὃ
351 2832 423 2907 τοὺς
438 2830 635 2917 Ἰσοκράτους
657 2832 808 2917 μαθητὰς
831 2832 1030 2919 ἀναγράψας
1045 2828 1250 2919 Ἕρμιππος,
1277 2831 1408 2919 ἀκριβής
1431 2832 1467 2896 ἐν
1490 2844 1552 2906 τοῖς

309 2940 418 3015 ἄλλοις
445 2939 630 3022 γενόμενος,
657 2938 739 3027 ὑπὲρ
769 2940 862 3005 τοῦδε
891 2943 946 3004 τοῦ
968 2940 1098 3027 ῥήτορος
1120 2938 1213 3004 οῦδὲν
1236 2942 1356 3027 εἴρηκεν
1379 2938 1440 3016 ἔξω
1464 2940 1552 3005 δοοῖν

314 3048 453 3124 τούτοιν,
475 3044 524 3111 ὅτι
547 3048 693 3134 διήκουσε
715 3048 774 3131 μὲν
791 3047 1003 3134 Ἰσοκράτους,
1024 3047 1232 3134 καθηγήσατο
1255 3046 1290 3111 δὲ
1313 3052 1552 3133 Δημοσθένους,

311 3160 492 3234 συνεγένετο
515 3155 550 3219 δὲ
574 3168 637 3230 τοῖς
660 3156 797 3241 ἀρίστοις
821 3159 883 3219 τῶν
906 3156 1105 3247 φιλοσόφων,
1129 3175 1210 3242 quac
1233 3155 1331 3221 verba
1351 3155 1439 3222 nullo
1460 3156 1551 3222 modo

310 3264 358 3333 ita
385 3263 557 3350 premenda
585 3267 672 3345 sunt,
708 3268 745 3329 ut
772 3283 841 3330 cum
871 3262 1024 3351 Harpocr.
1054 3262 1174 3330 collata
1201 3263 1353 3349 Dionysio
1388 3263 1555 3331 levitatem

311 3371 470 3458 quandam
494 3372 617 3438 crimini
640 3370 715 3437 darc
740 3370 915 3437 videantur.
962 3371 1010 3438 De
1036 3374 1142 3459 patria
1170 3374 1254 3439 cuim
1276 3371 1360 3438 Isaei
1383 3372 1552 3463 Dionysius

311 3478 405 3566 paulo
430 3482 505 3545 ante
528 3481 595 3565 ipse
618 3480 683 3544 iam
707 3481 852 3566 exposuit
874 3479 916 3555 ὡς
936 3484 996 3563 μέν
1021 3502 1101 3555 τινες
1124 3478 1298 3566 ἱστοροῦσιν
1316 3482 1496 3567 Ἀθηναῖος
1520 3482 1551 3546 τὸ

309 3592 410 3668 γένος,
433 3587 475 3662 ὡς
498 3587 529 3652 δ’
553 3592 651 3673 ἕτεροι
674 3588 834 3673 γράφουσι
857 3588 1053 3664 Χαλκιδεὺς,
1080 3587 1193 3673 qulbus
1217 3588 1321 3654 verbis
1348 3588 1434 3654 haud
1462 3589 1552 3657 dubie

311 3694 481 3781 Hermippi
503 3692 718 3781 Demetriique
741 3694 987 3782 discrepantiam
1014 3694 1159 3779 intellegi
1187 3696 1266 3761 vult.
1315 3695 1401 3775 Quae
1430 3699 1458 3763 si
1486 3699 1553 3784 quis

312 3802 483 3891 pmdenter
495 3802 748 3887 consideraverit,
762 3807 837 3892 quin
843 3804 958 3871 Suidac
971 3805 1150 3871 novissimis
1163 3804 1268 3871 verbis
1278 3803 1553 3880 οὗτοςέιιοιινετται

310 3914 363 3974 καὶ
386 3911 427 3985 δς
450 3911 551 3998 ῥήτωρ
574 3911 627 3993 καὶ
650 3911 691 3987 ὡς
706 3918 920 4000 Δημοσθένην
942 3912 1060 3996 ἀμισθὶ
1079 3914 1276 3999 προαγαγών
1292 3933 1364 3979 cum
1380 3912 1553 4003 Hermippo

387 4126 406 4195 ¹)
426 4131 565 4200 Hermippi
594 4132 734 4199 Smyrnaei
762 4132 936 4201 Peripatetici
968 4132 999 4185 fr.
1037 4132 1098 4185 coll.
1125 4130 1194 4199 disp.
1224 4135 1252 4186 et
1279 4133 1320 4187 ill.
1349 4134 1382 4187 A.
1412 4135 1553 4203 Lozynski.
1613 4141 1619 4153 '

312 4221 423 4275 Bonuae
445 4220 522 4275 1832.
1315 4262 1319 4265 -

385 4304 407 4375 ¹)
426 4311 593 4365 Demetrium
612 4328 628 4365 a
646 4311 731 4366 Suida
750 4316 988 4367 commemoratum
1008 4311 1168 4384 (Δημήτριος
1186 4313 1217 4366 δὲ
1231 4338 1264 4347 -
1278 4311 1368 4382 φησὶν)
1388 4329 1443 4367 non
1459 4316 1554 4370 Phale-

312 4416 397 4465 reum,
417 4400 465 4456 sed
484 4400 632 4469 Magnetem
651 4418 708 4456 esse
729 4417 822 4457 moneo
842 4404 953 4477 propter
970 4404 1110 4457 westerm.
1129 4402 1228 4471 Biogr,
1247 4420 1273 4471 p.
1294 4404 1357 4469 471,
1377 4408 1405 4458 et
1423 4405 1465 4458 vir
1483 4406 1555 4461 doct.

313 4491 341 4543 in
360 4490 431 4542 Phil.
451 4490 526 4556 Ana,
551 4492 610 4557 VII,
630 4508 657 4561 p.
679 4492 745 4559 124;
766 4494 798 4547 of.
819 4494 1030 4560 Volkmannum,
1050 4495 1089 4548 De
1107 4492 1207 4548 Suidae
1226 4494 1406 4567 biographiois
1427 4510 1473 4565 qu.
1494 4512 1554 4551 nov.

315 4577 476 4659 (Numburgi
498 4579 587 4655 1873),
607 4598 634 4657 p.
656 4581 688 4640 13
708 4586 736 4640 et
756 4582 850 4649 Gebh,
869 4600 897 4657 p·
919 4582 961 4641 12.
