3392 5300
643 456 837 520 „5-

42 618 82 683 lid
132 645 214 722 coptu
237 640 416 725 διαφέρων,
443 638 635 720 κατελάβετο
658 636 717 720 μὲν
740 637 774 700 τὸ
797 635 833 699 ἐν
855 637 996 720 Δελφοῖς
1022 633 1123 721 ἱερὸν,
1151 635 1297 711 ἐξέκαυσε
1325 637 1359 700 δὲ
1476 620 1479 624 ’

29 747 81 811 iiiii
133 749 179 811 τὸν
199 745 283 833 ἲερόν
305 747 450 830 πόλεμον
471 747 525 810 ord
547 745 667 820 ταύτας
684 745 739 820 τὰς
755 747 867 818 αἰτίας.
907 742 1009 821 Quam
1024 745 1051 810 si
1067 745 1359 831 interpretationem

29 857 81 924 epu
131 854 265 942 probavi,
294 854 327 921 id
350 875 473 941 quoque
496 854 647 921 facillime
671 852 881 936 intellegitur,
910 853 964 939 qui
986 853 1105 919 iactum
1129 854 1186 936 sit,
1215 859 1252 920 ut
1278 857 1359 923 mira

132 963 258 1051 quadam
281 963 414 1030 levitate
438 984 475 1030 ac
497 962 697 1046 neglegentia
718 961 766 1028 bis
783 961 893 1026 eadem
909 981 927 1025 e
944 961 1076 1028 dirersis
1092 962 1231 1028 fontibus
1247 985 1267 1028 a
1282 962 1359 1030 Dio-

29 1055 76 1121 hir
132 1071 198 1138 doro
224 1077 453 1159 exponerentur
481 1092 580 1158 neque
609 1092 647 1136 ea
674 1090 753 1157 quae
783 1090 821 1134 ex
849 1069 952 1156 priore
980 1070 1067 1135 fonte
1094 1071 1216 1135 narrari
1247 1076 1360 1158 coepta

29 1187 74 1230 llll
131 1184 226 1262 erant,
255 1200 293 1246 ex
317 1179 418 1245 altero
443 1181 707 1246 continuarentur.
755 1177 888 1243 Videtur
911 1178 994 1243 enirn
1017 1176 1173 1244 Diodorus
1197 1198 1214 1244 e
1240 1178 1359 1246 duobus

43 1274 77 1340 oli
130 1288 260 1354 fontibus
283 1290 439 1370 hausisse,
469 1309 600 1375 quorum
623 1292 755 1373 uterque
778 1307 901 1352 sacrum
925 1285 1044 1351 bellum
1068 1306 1149 1352 anno
1173 1288 1240 1352 354
1262 1290 1359 1354 armis

29 1392 76 1454 lose
129 1397 189 1480 geri
215 1402 361 1484 coeptum
389 1417 457 1462 csse
485 1396 633 1479 tradidit,
662 1399 756 1482 atque
786 1415 857 1460 cum
884 1394 1002 1481 priore,
1031 1415 1049 1459 e
1076 1415 1137 1480 quo
1162 1415 1273 1461 causas
1295 1396 1360 1482 pri-

29 1502 46 1565 is
60 1517 70 1562 t
129 1505 303 1591 mordiaque
319 1504 397 1595 belli
413 1504 638 1590 explicaverat,
655 1505 703 1569 ita
718 1503 816 1568 alium
832 1506 1052 1585 commutasse,
1069 1507 1105 1568 ut
1120 1502 1240 1569 bellum
1255 1505 1359 1591 ipsum

29 1607 75 1693 iud
128 1634 163 1678 ex
184 1613 241 1679 hoc
264 1617 392 1679 nairarc
417 1613 525 1695 vellet,
550 1613 605 1678 sed
629 1633 739 1699 parum
763 1611 933 1698 prudenter
956 1631 1026 1676 cum
1047 1610 1139 1678 rebus
1155 1613 1188 1676 in
1204 1632 1229 1678 c.
1248 1614 1291 1678 30
1307 1632 1359 1678 ex-

29 1738 67 1786 uo
127 1722 232 1808 positis
255 1722 427 1788 maximam
444 1724 568 1807 partem
584 1741 690 1786 earum
707 1741 785 1806 quas
802 1720 867 1785 iam
884 1739 901 1784 e
916 1720 1020 1805 priore
1036 1720 1122 1785 fonte
1137 1720 1357 1802 transtulerat,

36 1845 74 1896 cru
126 1831 236 1894 iterum
252 1828 450 1895 exscriberet.
491 1827 558 1906 Qua
574 1829 606 1894 in
622 1847 655 1893 re
672 1847 791 1893 morem
808 1847 898 1892 suum
914 1827 1103 1909 observavit,
1122 1830 1158 1892 ut
1173 1827 1359 1896 archontum

29 1955 73 2006 neo
126 1936 344 2024 consulumque
372 1936 547 2002 rationibus
576 1936 719 2021 aequatis
746 1955 796 2000 res
824 1934 857 2032 in
885 1932 995 2000 alteris
1030 1939 1182 2000 annorum
1216 1937 1359 2022 partibus

29 2046 72 2116 aii
125 2048 228 2128 gestas
243 2045 398 2131 prioribus
415 2044 612 2130 tribueret1).
647 2039 716 2108 Hac
732 2041 942 2128 explicatione
958 2042 1101 2124 efficitur,
1118 2040 1291 2109 Diodorum
1306 2067 1359 2111 ne

43 2157 70 2223 ro
124 2173 182 2240 que
198 2173 217 2217 a
231 2152 422 2238 reliquorum
437 2151 628 2218 testimoniis
645 2151 683 2217 de
699 2155 840 2237 ternpore
857 2148 940 2236 quod
956 2170 1078 2216 sacrum
1090 2149 1210 2216 bellum
1223 2151 1358 2236 duravit,
1471 2221 1474 2226 ,

40 2285 71 2336 ror·
124 2261 288 2328 abhorrere
311 2282 411 2347 neque
435 2261 495 2328 sibi
519 2262 579 2347 ipsi
603 2263 644 2346 (o.
669 2260 976 2346 59,1)repugnare;
1000 2279 1074 2325 nam
1089 2280 1253 2324 numerum
1267 2259 1359 2326 illum

29 2394 70 2455 unt
124 2370 228 2436 decem
253 2389 405 2434 annorum
427 2389 489 2434 non
517 2370 564 2433 ita
591 2366 838 2450 intellegendum
867 2387 950 2448 esse,
979 2369 1015 2430 ut
1041 2387 1098 2452 per
1127 2365 1234 2432 decem
1261 2388 1359 2435 annos

29 2481 70 2555 ¹had
122 2477 240 2542 bellum
263 2479 386 2561 gestum
410 2477 480 2542 esse
503 2476 710 2557 existimetur,
734 2475 767 2539 in
790 2472 958 2560 propatulo
979 2477 1042 2555 est3
1066 2473 1146 2538 nihil
1162 2471 1249 2540 aliud
1264 2477 1360 2559 signi·

29 2596 69 2667 uir
122 2586 206 2669 ficat,
230 2606 324 2672 quam
348 2584 420 2651 inde
444 2605 464 2649 a
486 2583 600 2671 templi
624 2583 825 2671 occupatione
849 2580 1007 2648 adfinem
1031 2580 1109 2648 belli
1129 2570 1236 2650 decem
1258 2583 1360 2671 olym-

29 2709 67 2776 uu
120 2694 250 2783 piadum
275 2715 372 2761 annos
395 2692 531 2775 fluxisse,
557 2693 597 2759 cl.
625 2696 700 2774 106,
717 2694 857 2774 9.-108,
876 2697 902 2755 3.
949 2690 1106 2786 Diodorus
1130 2690 1193 2757 alio
1216 2690 1285 2757 loco
1309 2714 1360 2759 ac

29 2816 68 2886 plu
121 2804 259 2871 curatius
275 2803 337 2868 alio
354 2804 457 2869 minus
473 2801 632 2869 subtiliter
647 2800 732 2866 idem
748 2820 817 2866 cum
833 2798 964 2885 reliquis
984 2797 1188 2885 scriptoribus
1210 2802 1357 2866 testatur.

29 2943 66 2996 flu·
212 2910 265 2977 Sic
289 2910 327 2976 de
352 2931 377 2977 c.
397 2913 439 2977 23
463 2911 553 2976 initio
577 2907 776 2975 iudicandum
799 2906 878 2971 mihi
902 2905 1035 2988 videtur,
1060 2906 1093 2971 in
1116 2927 1177 2992 quo
1201 2910 1237 2971 ut
1260 2906 1359 2973 denuc

29 3033 65 3103 ,elli
117 3020 280 3101 haeream,
303 3017 426 3104 Paclr²)
443 3019 529 3083 facit
569 3014 715 3082 Auctoris
732 3015 815 3080 enim
831 3014 908 3095 eiua,
930 3014 979 3079 cui
999 3014 1170 3078 maximam
1185 3012 1360 3080 Diodorcae

42 3160 63 3209 a
116 3127 198 3194 belli
223 3128 412 3193 narrationis
435 3130 559 3212 partem
585 3121 804 3190 vindicandam
827 3124 956 3203 statuit,
983 3123 1019 3186 ut
1042 3142 1165 3187 summa
1188 3142 1263 3204 erga
1286 3121 1360 3188 deos

36 3268 61 3319 ρς
115 3237 241 3322 pietate
258 3240 352 3322 atque
369 3234 590 3321 superstitione
606 3231 729 3319 impleti
745 3229 894 3296 Phocaici
909 3227 987 3294 belli
1010 3232 1046 3293 ut
1069 3228 1150 3295 sacri
1173 3229 1360 3311 significatio

29 3375 58 3430 ,p
115 3345 250 3431 propria
273 3343 367 3408 fuisse
391 3343 420 3407 ei
444 3342 513 3407 visa
536 3344 594 3422 est,
620 3360 699 3426 quae
724 3338 828 3424 opinio
852 3358 948 3422 quam
972 3336 1055 3403 falsa
1077 3338 1129 3419 sit,
1153 3336 1225 3402 inde
1247 3336 1359 3419 elucet,

39 3489 56 3536 ff
114 3450 206 3537 quod
229 3471 291 3515 non
315 3450 447 3516 solum'
439 3472 471 3515 rn
495 3450 608 3535 capitis
632 3450 704 3513 nost
704 3446 731 3511 ri
689 3443 882 3511 tinitio‘
866 3470 884 3511 o
908 3442 990 3531 ἱερος
1012 3444 1169 3527 πόλεμος,
1198 3445 1253 3509 τὸν
1276 3444 1361 3532 ἱερὸν

30 3598 53 3663 sq
114 3559 270 3641 πόλεμον
292 3558 448 3641 leguntur,
473 3557 584 3643 quibus
608 3577 634 3622 c.
654 3557 706 3636 24,
723 3552 778 3618 5‘
764 3578 781 3619 ο
805 3552 887 3639 ὑπὲρ
912 3555 966 3616 τοῦ
989 3554 1071 3616 θεοῦ
1087 3552 1227 3635 πόλεμος
1243 3552 1361 3637 optime

40 3707 52 3773 p
113 3668 279 3747 convenit,
255 3666 415 3732 tsedt
383 3668 538 3732 etiam-
556 3668 650 3751 atque
675 3664 733 3729 hoc
755 3662 976 3746 gravissimum
999 3664 1111 3726 est
1133 3662 1228 3726 ο.59
1251 3661 1361 3743 exiguo

29 3774 228 3864 O,spatio
251 3773 430 3838 intermisso
454 3772 533 3837 duae
556 3770 631 3837 illac
655 3771 898 3855 significationes
919 3770 1007 3833 iuxta
1023 3768 1290 3848 inveniuntur,1n
1306 3770 1324 3851 ξ
1342 3770 1358 3832 l

29 3904 49 3972 ,³
107 3910 130 3949 ο
155 3881 302 3955 Φωκικός
325 3862 507 3962 πόλεμοςῇ
499 3901 532 3944 1n
555 3880 574 3964 ξ
597 3878 654 3944 4‘
640 3904 658 3944 ο
682 3878 763 3965 ἱερὸς
786 3878 937 3960 πόλεμος.
977 3875 1087 3962 Neque
1109 3874 1284 3941 Pausanias
1308 3877 1361 3956 10,

29 4040 45 4095 ,
109 3993 208 4073 3,1;
235 3991 265 4070 9,
289 3991 318 4069 6,
343 3987 432 4054 ivel
447 3986 485 4053 St
470 3986 608 4074 t.rabop
627 3990 692 4053 420
710 3984 797 4052 aliud
812 4005 869 4051 nos
885 3984 1007 4065 docent,
1032 4003 1127 4068 quam
1143 3982 1227 4048 idem
1243 3980 1362 4046 bellurn

29 4126 45 4187 p
108 4101 149 4163 et
166 4095 340 4162 Phocicum
365 4099 399 4161 et
421 4116 544 4162 sacrum
568 4078 764 4181 appellatum
789 4112 872 4174 esse,
896 4092 1025 4156 minime
1049 4089 1081 4154 id
1098 4088 1260 4154 enucleare
1276 4086 1361 4166 licet,

29 4250 43 4290 „
108 4204 245 4271 bellum
268 4204 308 4269 ab
333 4204 404 4270 aliis
424 4203 614 4270 Phocaicum
638 4203 679 4267 ab
704 4200 776 4267 aliis
799 4219 922 4287 sacrum
945 4200 1159 4283 nuncupatum
1182 4214 1259 4261 esse
1299 4193 1362 4260 Sed

201 4474 223 4543 1>
243 4476 429 4529 Bornemanno
448 4477 558 4529 auctore
576 4477 595 4527 l.
616 4491 638 4529 o.
657 4492 683 4543 p.
704 4472 868 4527 octodorus
888 4467 1109 4525 consuetudinem
1122 4467 1198 4521 illam
1211 4480 1225 4519 o
1239 4464 1363 4522 chronico

103 4583 168 4625 suo
194 4563 327 4631 (Castore)
347 4565 497 4618 transtulit.

197 4652 222 4721 ²)
241 4672 267 4723 p.
291 4653 350 4718 184,
370 4656 425 4706 not.
445 4652 470 4707 3.
