3392 5300
650 441 871 507 —m-

140 619 337 687 Philomelus
350 621 539 709 Delphicum
555 621 709 708 templum
726 620 877 707 spoliavit
893 621 946 707 (of.
965 620 1057 685 Diod.
1075 642 1100 686 c.
1120 623 1193 706 30);
1210 621 1265 687 sed
1281 623 1382 689 multo

140 730 269 795 maioris
281 731 434 797 momenti
446 734 504 813 est,
522 730 605 816 quod
616 727 786 797 Plutarcho
800 728 852 794 vel
864 728 991 797 Timaeo
1007 734 1134 797 auctore
1144 751 1162 796 e
1174 729 1382 799 Phocensium

141 837 254 904 ducum
277 838 432 905 militibus
455 859 567 905 manus
588 837 742 924 quaedam
760 876 802 887 -
819 857 965 905 numanus
986 838 1200 906 contraditur
1216 881 1257 889 -
1274 863 1382 928 super·

141 951 220 1029 erat,
245 945 376 1013 Diodori
400 950 506 1013 autam
519 947 624 1028 verba,
642 948 688 1013 ita
704 950 738 1012 ut
755 950 874 1027 extant,
899 949 1091 1013 mntrarium
1106 949 1209 1033 ipsum
1223 953 1382 1016 testantur

63 1062 67 1075 '
142 1056 211 1140 (78,
237 1056 287 1140 4);
318 1059 380 1119 τῶν
403 1056 464 1140 γὰρ
488 1055 596 1119 ἄλλων
619 1055 732 1135 σχεδὸν
754 1056 998 1122 ἁπάντωντῶν
1019 1057 1244 1139 μετασχόντων
1268 1062 1319 1142 τῆς
1339 1062 1383 1133 εἰς

142 1165 176 1227 τὸ
187 1175 339 1246 μαντεῖον
354 1169 558 1250 παρανομίας
574 1164 763 1244 τεττοχότων
779 1163 843 1228 ὑπὸ
860 1167 916 1228 τοῦ
929 1164 1095 1246 δαιμονίου
1107 1167 1159 1249 τῆς
1170 1166 1383 1251 προςηκούσης

142 1276 300 1356 τιμωρίας,
317 1310 358 1320 —
375 1272 491 1354 μόνος
514 1270 622 1347 οὗτος
637 1272 838 1358 διαλεληθώς
854 1274 889 1337 τὸ
905 1278 999 1337 θετον
1013 1274 1079 1337 κτλ.
1118 1272 1238 1339 Eodem
1254 1273 1381 1365 Timaeo

141 1382 295 1445 communi
325 1380 411 1447 fonte
446 1379 619 1447 Diodorum
647 1384 680 1447 et
703 1379 909 1447 Plutarchum
937 1401 1010 1447 usos
1036 1402 1104 1447 esse
1137 1384 1190 1447 vix
1215 1384 1381 1468 quisquam

141 1489 317 1569 contendet,
342 1508 441 1575 neque
459 1488 621 1556 Timaeum
633 1488 697 1555 alio
720 1488 789 1556 loon
810 1490 897 1556 aliud
918 1490 1033 1557 dixisse
1049 1511 1149 1575 neque
1164 1488 1381 1573 Plutarchum,

140 1598 167 1663 si
179 1600 289 1663 auctor
300 1598 367 1663 eius
379 1597 544 1663 Thrasium
557 1597 659 1663 solum
671 1597 828 1681 sacrilegii
840 1598 1027 1687 participem
1039 1598 1135 1665 fuisse
1148 1598 1289 1679 dixisset,
1301 1599 1382 1665 illud

141 1703 179 1771 de
195 1704 347 1791 Euthymi
371 1705 525 1772 militibus
549 1706 675 1771 finxisse
699 1705 847 1771 credibile
869 1710 927 1771 est.
966 1704 1054 1773 Pack
1070 1726 1133 1772 non
1148 1704 1311 1772 Plutarchi
1327 1704 1382 1773 sad

140 1812 286 1893 Diodori,
322 1834 401 1899 quae
431 1814 598 1895 eiusmodi,
635 1813 737 1900 qualis
762 1812 998 1900 Volquardsenc
1022 1816 1107 1881 visus
1136 1818 1199 1895 ast,
1235 1813 1381 1898 religioso

141 1922 261 1987 auctori
284 1942 345 1987 non
369 1924 579 2003 convenirent,
605 1923 708 1989 verbis
732 1925 801 2008 (82,
827 1925 846 1986 2
868 1921 921 1988 cll.
938 1920 1023 1989 Plnt.
1042 1925 1100 2008 30)
1117 1926 1291 1989 commotus
1307 1921 1382 1988 Dic

141 2029 251 2096 domm
274 2029 354 2097 nihil
378 2030 465 2097 aliud
488 2052 505 2097 e
529 2031 616 2097 fonte
639 2051 694 2097 suo
718 2032 890 2117 sumpsisse
913 2051 1009 2116 quam
1025 2030 1149 2098 Thrasii
1172 2032 1262 2097 unius
1282 2032 1382 2097 ouius-

141 2137 215 2203 dam
239 2159 256 2204 e
280 2137 492 2205 Phocensibus
515 2140 715 2206 mercenariis
739 2140 913 2225 inceptum,
942 2138 1065 2226 reliqua
1087 2140 1125 2205 da
1153 2160 1209 2206 suo
1238 2139 1382 2206 intulisse

140 2248 268 2327 statuit3
305 2246 361 2312 sed
391 2226 663 2314 vehementissime
687 2250 813 2313 erravit.
866 2246 919 2313 Ab
950 2269 1008 2313 usu
1042 2249 1224 2334 rationeque
1253 2247 1383 2314 Diodori

140 2375 363 2441 usquequaque
398 2354 560 2438 abhorret,
596 2355 649 2421 vel
682 2360 844 2422 auctorum
880 2377 1007 2422 suorum
1040 2356 1210 2423 relationes
1240 2356 1382 2423 consulto

140 2468 263 2529 mutare
280 2463 332 2529 vel
348 2463 506 2531 alienatis
523 2466 707 2531 immiscere.
745 2462 833 2543 Quod
845 2464 1062 2551 Volquardsen
1074 2485 1197 2551 quoque
1208 2465 1383 2549 neglexisse

141 2571 219 2637 mihi
243 2571 380 2655 videtur,
406 2593 477 2639 cum
501 2572 673 2639 Diodorum
698 2576 729 2638 et
752 2570 957 2641 Plutarchum
980 2574 1013 2639 in
1036 2574 1180 2640 omnibus
1202 2575 1267 2639 fere
1290 2573 1383 2639 rebus

142 2680 348 2748 Timoleontis
371 2682 553 2748 enarrandis
577 2682 704 2748 Timaeo
729 2684 886 2748 communi
909 2686 1035 2748 anctore
1058 2703 1131 2750 usos
1155 2703 1223 2749 asse
1247 2702 1316 2749 cum
1343 2684 1384 2748 iis

142 2810 223 2875 quae
251 2790 289 2856 da
318 2790 447 2877 reliquis
470 2791 601 2857 Diodori
625 2789 715 2858 librrs
738 2792 856 2858 eruisse
880 2792 940 2857 sibi
976 2793 1061 2858 visus
1088 2795 1138 2857 est
1165 2793 1384 2861 convenienter

142 2899 314 2981 contendit,
339 2904 433 2985 atque
457 2899 540 2965 idem
565 2899 744 2966 Nissenium
757 2900 780 2983 ¹)
805 2898 926 2980 attulit¹
950 2901 1004 2985 qui
1028 2899 1199 2967 Diodomm
1223 2901 1255 2964 in
1278 2899 1313 2964 ll.
1340 2901 1383 2965 28

144 3009 231 3072 -32
256 3005 424 3092 Polybium
448 3009 564 3094 partim
589 3007 782 3074 adverbum
806 3006 1016 3089 transtulisse,
1042 3009 1159 3093 partim
1182 3009 1382 3092 excerpsisse,

142 3114 221 3180 nihil
245 3119 349 3180 autem
374 3115 516 3182 consulto
541 3117 783 3182 commutavisse
807 3114 1041 3181 evidentissime
1059 3114 1301 3182 demonstravit!
1341 3113 1385 3181 Ut

142 3224 238 3304 igitur
266 3223 413 3290 iudicium
443 3223 480 3289 de
510 3245 535 3290 c.
567 3226 609 3290 78
638 3222 874 3290 narratiuncula
899 3222 1026 3288 Timaeo
1055 3222 1263 3290 abiudicanda
1289 3244 1385 3309 supra

142 3333 378 3416 pronuntiatum
402 3353 496 3416 quam
522 3332 588 3396 fieri
610 3336 714 3418 potest
730 3331 954 3413 commendem,
979 3331 1101 3417 reliqua
1116 3351 1238 3416 quoque
1254 3330 1383 3397 Diodori

143 3441 248 3525 capita
272 3438 313 3505 ad
329 3437 534 3506 Timoleontis
558 3439 722 3506 historiam
746 3442 938 3525 pertinentia
960 3460 1161 3526 peragramus
1182 3460 1308 3505 necasse
1324 3443 1382 3519 est,

143 3567 222 3633 quae
245 3568 436 3633 quamquam
461 3548 569 3616 multis
593 3550 624 3614 in
648 3548 741 3614 rebus
764 3543 834 3614 cum
858 3546 1030 3613 Plutarcho
1053 3547 1094 3612 ad
1117 3567 1312 3613 communem
1336 3569 1384 3612 re-

142 3654 293 3720 lationem
321 3675 378 3722 nos
406 3655 518 3722 ducere
547 3657 692 3722 videntur
725 3659 833 3722 tamen
862 3677 1013 3743 persaepe
1041 3656 1094 3722 vel
1134 3656 1216 3722 alias
1247 3677 1297 3721 res
1333 3655 1384 3721 vel

143 3763 262 3830 similes
279 3762 385 3830 ordine
402 3765 516 3830 mimm
532 3766 564 3831 in
580 3765 707 3831 modum
723 3765 907 3850 perturbate
925 3770 1020 3850 atque
1036 3767 1192 3850 permixto
1212 3766 1382 3830 continent.

143 3870 248 3957 Atque
272 3873 305 3936 in
328 3874 427 3938 tantis
450 3873 668 3960 discrepantiis
692 3894 731 3940 ne
755 3871 974 3959 Volquardsen
996 3872 1122 3958 quidem
1149 3873 1252 3938 facere
1281 3873 1385 3958 potuit

143 3981 218 4066 quin
242 4000 267 4046 c.
294 3981 336 4044 65
361 3979 489 4046 Timaeo
513 3981 721 4062 abiudicaret,
750 3980 832 4066 quod
856 4000 917 4065 quo
942 3982 1007 4046 iure
1042 3981 1151 4047 fecerit
1182 3979 1306 4067 plenius
1332 4001 1385 4045 ex-

143 4108 257 4172 ponere
281 4108 343 4154 non
366 4109 443 4174 opus
467 4093 524 4156 est.
573 4088 635 4156 Sed
659 4088 889 4175 discrepantiae
914 4110 934 4154 a
955 4087 1038 4155 doct.
1063 4091 1121 4154 vir.
1150 4093 1279 4154 notatae
1307 4088 1385 4154 duas

144 4193 223 4262 alias
239 4197 367 4263 minima
390 4197 601 4280 neglegendas
625 4196 715 4264 addo.
757 4195 817 4262 Vix
841 4198 924 4262 anim
948 4216 1023 4262 casu
1046 4197 1166 4263 factum
1189 4200 1248 4277 est,
1273 4201 1317 4263 ut.
1332 4198 1385 4263 iis-

144 4302 214 4369 dem
242 4304 275 4369 in
302 4301 380 4370 locis
408 4304 588 4371 aDiodoro
617 4308 650 4370 et
676 4327 696 4370 a
718 4303 890 4372 Plutarcho
919 4304 959 4370 ab
982 4303 1045 4370 alio
1069 4304 1155 4369 aliud
1180 4303 1385 4371 Timoleontis

144 4413 244 4498 patris
267 4433 381 4480 nomen
403 4413 562 4496 tradatur,
591 4435 611 4479 a
635 4413 773 4480 Diodoro
796 4412 971 4485 Timaeneti
995 4415 1035 4507 (c.
1062 4413 1119 4499 65,
1145 4415 1181 4499 23
1207 4416 1264 4497 90,
1292 4415 1340 4505 1),
1366 4437 1385 4486 a
1455 4464 1457 4467 -

216 4649 237 4721 ¹)
256 4653 324 4709 Κατ.
345 4654 505 4710 Untersnoh,
525 4670 551 4724 p.
574 4652 626 4705 110
644 4668 685 4725 sq.
