<?xml version="1.0" encoding="UTF-8"?>
<!DOCTYPE html PUBLIC "-//W3C//DTD XHTML 1.0 Transitional//EN"
    "http://www.w3.org/TR/xhtml1/DTD/xhtml1-transitional.dtd">
<html xmlns="http://www.w3.org/1999/xhtml" xml:lang="en" lang="en">
 <head>
  <title>
</title>
<meta http-equiv="Content-Type" content="text/html;charset=utf-8" />
  <meta name='ocr-system' content='tesseract 3.04.00' />
  <meta name='ocr-capabilities' content='ocr_page ocr_carea ocr_par ocr_line ocrx_word'/>
</head>
<body>
  <div class='ocr_page' id='page_1' title='image "./defontibusdemos02sturgoog_0014.png"; bbox 0 0 3392 5300; ppageno 0'>
   <div class='ocr_carea' id='block_1_1' title="bbox 867 385 1067 452">
    <p class='ocr_par' dir='ltr' id='par_1_1' title="bbox 867 385 1067 452">
     <span class='ocr_line' id='line_1_1' title="bbox 867 385 1067 452; baseline 0.01 -18"><span class='ocrx_word' id='word_1_1' title='bbox 867 385 1067 452; x_wconf 73' lang='lat'><strong>..3-</strong></span> 
     </span>
    </p>
   </div>
   <div class='ocr_carea' id='block_1_2' title="bbox 257 561 1605 4653">
    <p class='ocr_par' dir='ltr' id='par_1_2' title="bbox 257 561 1604 3468">
     <span class='ocr_line' id='line_1_2' title="bbox 411 561 1593 655; baseline 0.003 -27"><span class='ocrx_word' id='word_1_2' title='bbox 411 595 419 613; x_wconf 93' lang='lat'><strong>·</strong></span> <span class='ocrx_word' id='word_1_3' title='bbox 437 561 543 650; x_wconf 88' lang='lat' dir='ltr'>Atque</span> <span class='ocrx_word' id='word_1_4' title='bbox 560 585 687 650; x_wconf 89' lang='lat' dir='ltr'>prorsus</span> <span class='ocrx_word' id='word_1_5' title='bbox 703 563 813 632; x_wconf 90' lang='lat' dir='ltr'>eodem</span> <span class='ocrx_word' id='word_1_6' title='bbox 829 564 922 632; x_wconf 92' lang='lat' dir='ltr'>modo</span> <span class='ocrx_word' id='word_1_7' title='bbox 939 566 972 632; x_wconf 90' lang='lat' dir='ltr'>in</span> <span class='ocrx_word' id='word_1_8' title='bbox 988 585 1014 632; x_wconf 90' lang='lat' dir='ltr'>c.</span> <span class='ocrx_word' id='word_1_9' title='bbox 1029 568 1072 632; x_wconf 81' lang='lat'>30</span> <span class='ocrx_word' id='word_1_10' title='bbox 1088 567 1157 633; x_wconf 91' lang='lat' dir='ltr'>init.</span> <span class='ocrx_word' id='word_1_11' title='bbox 1174 567 1323 655; x_wconf 77' lang='grc' dir='ltr'><strong><em>χρήματα</em></strong></span> <span class='ocrx_word' id='word_1_12' title='bbox 1338 573 1370 636; x_wconf 85' lang='lat' dir='ltr'>et</span> <span class='ocrx_word' id='word_1_13' title='bbox 1385 568 1593 653; x_wconf 73' lang='grc' dir='ltr'><strong><em>α’ναθήμαια</em></strong></span> 
     </span>
     <span class='ocr_line' id='line_1_3' title="bbox 348 673 1594 771; baseline 0.003 -35"><span class='ocrx_word' id='word_1_14' title='bbox 348 673 493 758; x_wconf 85' lang='lat' dir='ltr'>opposita</span> <span class='ocrx_word' id='word_1_15' title='bbox 521 676 608 738; x_wconf 88' lang='lat' dir='ltr'>sunt:</span> <span class='ocrx_word' id='word_1_16' title='bbox 645 674 879 760; x_wconf 83' lang='grc' dir='ltr'><strong><em>προςδεομένοο</em></strong></span> <span class='ocrx_word' id='word_1_17' title='bbox 905 674 940 738; x_wconf 78' lang='grc' dir='ltr'>δὲ</span> <span class='ocrx_word' id='word_1_18' title='bbox 969 678 1025 740; x_wconf 77' lang='grc' dir='ltr'>τοῦ</span> <span class='ocrx_word' id='word_1_19' title='bbox 1052 676 1195 759; x_wconf 78' lang='grc' dir='ltr'><strong><em>πολέμου</em></strong></span> <span class='ocrx_word' id='word_1_20' title='bbox 1217 677 1389 763; x_wconf 83' lang='grc' dir='ltr'><strong><em>χρημάτων</em></strong></span> <span class='ocrx_word' id='word_1_21' title='bbox 1416 677 1594 771; x_wconf 82' lang='grc' dir='ltr'><strong><em>πλειόνων,</em></strong></span> 
     </span>
     <span class='ocr_line' id='line_1_4' title="bbox 347 779 1594 872; baseline 0.008 -31"><span class='ocrx_word' id='word_1_22' title='bbox 347 780 539 864; x_wconf 82' lang='grc' dir='ltr'><strong><em>ηναγκυίζετο</em></strong></span> <span class='ocrx_word' id='word_1_23' title='bbox 563 791 626 856; x_wconf 75' lang='grc' dir='ltr'><strong><em>τοῖς</em></strong></span> <span class='ocrx_word' id='word_1_24' title='bbox 648 779 742 868; x_wconf 88' lang='grc' dir='ltr'><strong><em>ἱεροίς</em></strong></span> <span class='ocrx_word' id='word_1_25' title='bbox 764 781 978 869; x_wconf 73' lang='grc' dir='ltr'><strong><em>ἀναθήμασιν</em></strong></span> <span class='ocrx_word' id='word_1_26' title='bbox 1001 783 1168 865; x_wconf 63' lang='grc' dir='ltr'><strong><em>ἐπιβαλεῖν</em></strong></span> <span class='ocrx_word' id='word_1_27' title='bbox 1192 785 1248 860; x_wconf 83' lang='grc' dir='ltr'>τὰς</span> <span class='ocrx_word' id='word_1_28' title='bbox 1270 797 1393 870; x_wconf 83' lang='grc' dir='ltr'><strong><em>χείροις,</em></strong></span> <span class='ocrx_word' id='word_1_29' title='bbox 1418 805 1500 872; x_wconf 86' lang='lat' dir='ltr'>quae</span> <span class='ocrx_word' id='word_1_30' title='bbox 1526 783 1594 851; x_wconf 85' lang='lat' dir='ltr'>illis</span> 
     </span>
     <span class='ocr_line' id='line_1_5' title="bbox 348 889 1595 980; baseline 0.002 -27"><span class='ocrx_word' id='word_1_31' title='bbox 348 889 388 973; x_wconf 92' lang='lat' dir='ltr'>(o.</span> <span class='ocrx_word' id='word_1_32' title='bbox 420 889 478 969; x_wconf 80' lang='lat'>28,</span> <span class='ocrx_word' id='word_1_33' title='bbox 495 889 527 973; x_wconf 66' lang='grc' dir='ltr'>ί)</span> <span class='ocrx_word' id='word_1_34' title='bbox 557 889 680 975; x_wconf 90' lang='lat' dir='ltr'>optime·</span> <span class='ocrx_word' id='word_1_35' title='bbox 703 890 908 977; x_wconf 89' lang='lat' dir='ltr'>respondent:</span> <span class='ocrx_word' id='word_1_36' title='bbox 953 890 1169 970; x_wconf 83' lang='lat' dir='ltr'><strong>„Philomelus</strong></span> <span class='ocrx_word' id='word_1_37' title='bbox 1196 895 1250 979; x_wconf 90' lang='lat' dir='ltr'>qni</span> <span class='ocrx_word' id='word_1_38' title='bbox 1279 898 1373 960; x_wconf 89' lang='lat' dir='ltr'>antea</span> <span class='ocrx_word' id='word_1_39' title='bbox 1395 895 1595 980; x_wconf 70' lang='grc' dir='ltr'><strong><em>ἀναθήμασι</em></strong></span> 
     </span>
     <span class='ocr_line' id='line_1_6' title="bbox 346 994 1595 1089; baseline 0.006 -29"><span class='ocrx_word' id='word_1_40' title='bbox 346 994 580 1078; x_wconf 81' lang='lat' dir='ltr'>religiosissime</span> <span class='ocrx_word' id='word_1_41' title='bbox 609 997 821 1082; x_wconf 72' lang='lat' dir='ltr'>abstinuerat,</span> <span class='ocrx_word' id='word_1_42' title='bbox 851 999 936 1066; x_wconf 92' lang='lat' dir='ltr'>bello</span> <span class='ocrx_word' id='word_1_43' title='bbox 964 1000 1005 1066; x_wconf 90' lang='lat' dir='ltr'>ab</span> <span class='ocrx_word' id='word_1_44' title='bbox 1032 999 1319 1088; x_wconf 86' lang='lat' dir='ltr'>Amphictyonibus</span> <span class='ocrx_word' id='word_1_45' title='bbox 1346 1002 1464 1069; x_wconf 91' lang='lat' dir='ltr'>indicto</span> <span class='ocrx_word' id='word_1_46' title='bbox 1493 1007 1595 1089; x_wconf 88' lang='lat' dir='ltr'>atque</span> 
     </span>
     <span class='ocr_line' id='line_1_7' title="bbox 347 1105 1595 1196; baseline 0.003 -27"><span class='ocrx_word' id='word_1_47' title='bbox 347 1124 469 1169; x_wconf 91' lang='lat' dir='ltr'>summo</span> <span class='ocrx_word' id='word_1_48' title='bbox 493 1105 631 1192; x_wconf 89' lang='lat' dir='ltr'>periculo</span> <span class='ocrx_word' id='word_1_49' title='bbox 654 1107 850 1190; x_wconf 81' lang='lat' dir='ltr'>imminente,</span> <span class='ocrx_word' id='word_1_50' title='bbox 874 1111 1017 1175; x_wconf 82' lang='lat' dir='ltr'>extrema</span> <span class='ocrx_word' id='word_1_51' title='bbox 1038 1111 1228 1176; x_wconf 71' lang='lat' dir='ltr'>necessitate</span> <span class='ocrx_word' id='word_1_52' title='bbox 1244 1115 1371 1177; x_wconf 85' lang='lat' dir='ltr'>coactus</span> <span class='ocrx_word' id='word_1_53' title='bbox 1385 1111 1595 1196; x_wconf 73' lang='grc' dir='ltr'><strong><em>ἀναθήματα</em></strong></span> 
     </span>
     <span class='ocr_line' id='line_1_8' title="bbox 348 1214 1596 1304; baseline 0.003 -24"><span class='ocrx_word' id='word_1_54' title='bbox 348 1235 437 1280; x_wconf 89' lang='lat' dir='ltr'>sacra</span> <span class='ocrx_word' id='word_1_55' title='bbox 465 1214 613 1301; x_wconf 81' lang='lat' dir='ltr'>spoliat“.</span> <span class='ocrx_word' id='word_1_56' title='bbox 665 1214 755 1280; x_wconf 88' lang='lat' dir='ltr'>Nihil</span> <span class='ocrx_word' id='word_1_57' title='bbox 783 1215 821 1282; x_wconf 89' lang='lat' dir='ltr'>de</span> <span class='ocrx_word' id='word_1_58' title='bbox 850 1218 990 1304; x_wconf 87' lang='lat' dir='ltr'>pecuniis</span> <span class='ocrx_word' id='word_1_59' title='bbox 1018 1219 1117 1284; x_wconf 90' lang='lat' dir='ltr'>sacris</span> <span class='ocrx_word' id='word_1_60' title='bbox 1144 1216 1288 1284; x_wconf 81' lang='lat' dir='ltr'>affertur:</span> <span class='ocrx_word' id='word_1_61' title='bbox 1331 1223 1388 1284; x_wconf 90' lang='lat' dir='ltr'>aut</span> <span class='ocrx_word' id='word_1_62' title='bbox 1415 1218 1526 1285; x_wconf 89' lang='lat' dir='ltr'>nullae</span> <span class='ocrx_word' id='word_1_63' title='bbox 1563 1221 1596 1284; x_wconf 91' lang='lat' dir='ltr'>in</span> 
     </span>
     <span class='ocr_line' id='line_1_9' title="bbox 257 1322 1596 1420; baseline 0.005 -33"><span class='ocrx_word' id='word_1_64' title='bbox 257 1409 267 1420; x_wconf 15' lang='grc' dir='ltr'><strong>ἢ</strong></span> <span class='ocrx_word' id='word_1_65' title='bbox 347 1322 495 1389; x_wconf 88' lang='lat' dir='ltr'>thesauro</span> <span class='ocrx_word' id='word_1_66' title='bbox 519 1329 645 1411; x_wconf 90' lang='lat' dir='ltr'>praesto</span> <span class='ocrx_word' id='word_1_67' title='bbox 670 1329 770 1407; x_wconf 80' lang='lat' dir='ltr'>erant,</span> <span class='ocrx_word' id='word_1_68' title='bbox 796 1329 852 1392; x_wconf 91' lang='lat' dir='ltr'>aut</span> <span class='ocrx_word' id='word_1_69' title='bbox 874 1326 902 1391; x_wconf 92' lang='lat' dir='ltr'>si</span> <span class='ocrx_word' id='word_1_70' title='bbox 925 1331 1026 1408; x_wconf 80' lang='lat' dir='ltr'>erant,</span> <span class='ocrx_word' id='word_1_71' title='bbox 1054 1348 1074 1391; x_wconf 88' lang='lat' dir='ltr'>a</span> <span class='ocrx_word' id='word_1_72' title='bbox 1095 1324 1273 1393; x_wconf 89' lang='lat' dir='ltr'>Philomelo</span> <span class='ocrx_word' id='word_1_73' title='bbox 1296 1327 1436 1394; x_wconf 82' lang='lat' dir='ltr'>intactae</span> <span class='ocrx_word' id='word_1_74' title='bbox 1458 1325 1596 1394; x_wconf 81' lang='lat' dir='ltr'>relictae</span> 
     </span>
     <span class='ocr_line' id='line_1_10' title="bbox 348 1432 1596 1531; baseline 0.005 -35"><span class='ocrx_word' id='word_1_75' title='bbox 348 1436 429 1497; x_wconf 88' lang='lat' dir='ltr'>sunt.</span> <span class='ocrx_word' id='word_1_76' title='bbox 470 1432 611 1498; x_wconf 77' lang='lat' dir='ltr'>Tertium</span> <span class='ocrx_word' id='word_1_77' title='bbox 635 1435 768 1517; x_wconf 85' lang='lat' dir='ltr'>cogitari</span> <span class='ocrx_word' id='word_1_78' title='bbox 790 1433 914 1520; x_wconf 88' lang='lat' dir='ltr'>nequit!</span> <span class='ocrx_word' id='word_1_79' title='bbox 961 1434 1007 1501; x_wconf 91' lang='lat' dir='ltr'>At</span> <span class='ocrx_word' id='word_1_80' title='bbox 1029 1433 1117 1500; x_wconf 87' lang='lat' dir='ltr'>Pack</span> <span class='ocrx_word' id='word_1_81' title='bbox 1140 1455 1279 1531; x_wconf 84' lang='lat' dir='ltr'>errqrem</span> <span class='ocrx_word' id='word_1_82' title='bbox 1301 1435 1353 1501; x_wconf 85' lang='lat' dir='ltr'>vel</span> <span class='ocrx_word' id='word_1_83' title='bbox 1376 1436 1596 1502; x_wconf 74' lang='lat' dir='ltr'>confasionem</span> 
     </span>
     <span class='ocr_line' id='line_1_11' title="bbox 348 1539 1598 1627; baseline 0.005 -23"><span class='ocrx_word' id='word_1_84' title='bbox 348 1539 477 1605; x_wconf 91' lang='lat' dir='ltr'>Diodori</span> <span class='ocrx_word' id='word_1_85' title='bbox 501 1541 628 1607; x_wconf 90' lang='lat' dir='ltr'>subesse</span> <span class='ocrx_word' id='word_1_86' title='bbox 651 1541 815 1608; x_wconf 82' lang='lat' dir='ltr'>iudicavit!</span> <span class='ocrx_word' id='word_1_87' title='bbox 864 1540 974 1620; x_wconf 81' lang='lat' dir='ltr'>Qualis</span> <span class='ocrx_word' id='word_1_88' title='bbox 997 1545 1104 1608; x_wconf 88' lang='lat' dir='ltr'>antem</span> <span class='ocrx_word' id='word_1_89' title='bbox 1127 1563 1213 1608; x_wconf 90' lang='lat' dir='ltr'>error</span> <span class='ocrx_word' id='word_1_90' title='bbox 1235 1543 1423 1610; x_wconf 86' lang='lat' dir='ltr'>statuendus</span> <span class='ocrx_word' id='word_1_91' title='bbox 1445 1545 1499 1627; x_wconf 82' lang='lat' dir='ltr'>sit,</span> <span class='ocrx_word' id='word_1_92' title='bbox 1532 1566 1598 1610; x_wconf 88' lang='lat' dir='ltr'>non</span> 
     </span>
     <span class='ocr_line' id='line_1_12' title="bbox 348 1647 1598 1737; baseline 0.006 -26"><span class='ocrx_word' id='word_1_93' title='bbox 348 1648 470 1734; x_wconf 89' lang='lat' dir='ltr'>aperuit</span> <span class='ocrx_word' id='word_1_94' title='bbox 486 1668 586 1734; x_wconf 89' lang='lat' dir='ltr'>neque</span> <span class='ocrx_word' id='word_1_95' title='bbox 602 1647 669 1714; x_wconf 91' lang='lat' dir='ltr'>ulla</span> <span class='ocrx_word' id='word_1_96' title='bbox 686 1650 866 1716; x_wconf 88' lang='lat' dir='ltr'>coniectura</span> <span class='ocrx_word' id='word_1_97' title='bbox 881 1651 1005 1736; x_wconf 86' lang='lat' dir='ltr'>assequi</span> <span class='ocrx_word' id='word_1_98' title='bbox 1021 1671 1158 1737; x_wconf 88' lang='lat' dir='ltr'>possum.</span> <span class='ocrx_word' id='word_1_99' title='bbox 1199 1649 1281 1730; x_wconf 81' lang='lat' dir='ltr'>Quin</span> <span class='ocrx_word' id='word_1_100' title='bbox 1297 1653 1381 1718; x_wconf 88' lang='lat' dir='ltr'>enirn</span> <span class='ocrx_word' id='word_1_101' title='bbox 1396 1672 1435 1717; x_wconf 87' lang='lat' dir='ltr'>ex</span> <span class='ocrx_word' id='word_1_102' title='bbox 1452 1656 1598 1719; x_wconf 83' lang='lat' dir='ltr'>auctoris</span> 
     </span>
     <span class='ocr_line' id='line_1_13' title="bbox 347 1754 1597 1846; baseline 0.006 -27"><span class='ocrx_word' id='word_1_103' title='bbox 347 1754 434 1821; x_wconf 92' lang='lat' dir='ltr'>illius</span> <span class='ocrx_word' id='word_1_104' title='bbox 462 1757 619 1822; x_wconf 88' lang='lat' dir='ltr'>sententia</span> <span class='ocrx_word' id='word_1_105' title='bbox 646 1755 842 1824; x_wconf 88' lang='lat' dir='ltr'>Philomelus</span> <span class='ocrx_word' id='word_1_106' title='bbox 873 1757 980 1845; x_wconf 90' lang='lat' dir='ltr'>aliquo</span> <span class='ocrx_word' id='word_1_107' title='bbox 1013 1758 1105 1825; x_wconf 90' lang='lat' dir='ltr'>modo</span> <span class='ocrx_word' id='word_1_108' title='bbox 1141 1759 1296 1845; x_wconf 89' lang='lat' dir='ltr'>templum</span> <span class='ocrx_word' id='word_1_109' title='bbox 1330 1759 1522 1846; x_wconf 84' lang='lat' dir='ltr'>spoliaverit</span> <span class='ocrx_word' id='word_1_110' title='bbox 1553 1801 1597 1809; x_wconf 89' lang='lat'><em>—</em></span> 
     </span>
     <span class='ocr_line' id='line_1_14' title="bbox 347 1865 1600 1953; baseline 0.005 -25"><span class='ocrx_word' id='word_1_111' title='bbox 347 1866 451 1929; x_wconf 91' lang='lat' dir='ltr'>utrum</span> <span class='ocrx_word' id='word_1_112' title='bbox 475 1865 678 1952; x_wconf 72' lang='grc' dir='ltr'><strong><em>ἀναθήματα</em></strong></span> <span class='ocrx_word' id='word_1_113' title='bbox 701 1887 741 1930; x_wconf 90' lang='lat' dir='ltr'>arr</span> <span class='ocrx_word' id='word_1_114' title='bbox 765 1865 914 1953; x_wconf 85' lang='grc' dir='ltr'><strong><em>χρήματα</em></strong></span> <span class='ocrx_word' id='word_1_115' title='bbox 936 1886 1018 1932; x_wconf 89' lang='lat' dir='ltr'>nunc</span> <span class='ocrx_word' id='word_1_116' title='bbox 1039 1867 1205 1933; x_wconf 86' lang='lat' dir='ltr'>mittamus</span> <span class='ocrx_word' id='word_1_117' title='bbox 1223 1907 1264 1916; x_wconf 93' lang='lat'>-</span> <span class='ocrx_word' id='word_1_118' title='bbox 1281 1867 1362 1934; x_wconf 90' lang='lat' dir='ltr'>nihil</span> <span class='ocrx_word' id='word_1_119' title='bbox 1383 1866 1600 1934; x_wconf 90' lang='lat' dir='ltr'>dubitandum</span> 
     </span>
     <span class='ocr_line' id='line_1_15' title="bbox 348 1971 1601 2060; baseline 0.002 -24"><span class='ocrx_word' id='word_1_120' title='bbox 348 1974 410 2037; x_wconf 89' lang='lat' dir='ltr'>est:</span> <span class='ocrx_word' id='word_1_121' title='bbox 441 1971 571 2038; x_wconf 90' lang='lat' dir='ltr'>Diodori</span> <span class='ocrx_word' id='word_1_122' title='bbox 595 1973 692 2038; x_wconf 88' lang='lat' dir='ltr'>verba</span> <span class='ocrx_word' id='word_1_123' title='bbox 716 1974 915 2060; x_wconf 88' lang='lat' dir='ltr'>apertissime</span> <span class='ocrx_word' id='word_1_124' title='bbox 938 1977 1107 2057; x_wconf 84' lang='lat' dir='ltr'>testantur,</span> <span class='ocrx_word' id='word_1_125' title='bbox 1131 1993 1158 2040; x_wconf 88' lang='lat' dir='ltr'>o.</span> <span class='ocrx_word' id='word_1_126' title='bbox 1177 1976 1220 2040; x_wconf 88' lang='lat'>30</span> <span class='ocrx_word' id='word_1_127' title='bbox 1241 1976 1293 2060; x_wconf 75' lang='lat' dir='ltr'>§l</span> <span class='ocrx_word' id='word_1_128' title='bbox 1320 1975 1423 2040; x_wconf 80' lang='grc' dir='ltr'><strong><em>συλᾶν</em></strong></span> <span class='ocrx_word' id='word_1_129' title='bbox 1446 1976 1481 2040; x_wconf 82' lang='grc' dir='ltr'>τὸ</span> <span class='ocrx_word' id='word_1_130' title='bbox 1505 1999 1601 2058; x_wconf 87' lang='grc' dir='ltr'><strong><em>μαν-</em></strong></span> 
     </span>
     <span class='ocr_line' id='line_1_16' title="bbox 349 2079 1603 2168; baseline 0.003 -26"><span class='ocrx_word' id='word_1_131' title='bbox 349 2091 446 2155; x_wconf 79' lang='grc' dir='ltr'><strong><em>τεῖον,</em></strong></span> <span class='ocrx_word' id='word_1_132' title='bbox 474 2081 492 2166; x_wconf 65' lang='grc' dir='ltr'><strong><em>ξ</em></strong></span> <span class='ocrx_word' id='word_1_133' title='bbox 517 2082 536 2144; x_wconf 81' lang='lat'><strong>2</strong></span> <span class='ocrx_word' id='word_1_134' title='bbox 561 2079 591 2144; x_wconf 93' lang='grc' dir='ltr'>οἱ</span> <span class='ocrx_word' id='word_1_135' title='bbox 614 2080 649 2144; x_wconf 78' lang='grc' dir='ltr'>δὲ</span> <span class='ocrx_word' id='word_1_136' title='bbox 671 2081 886 2168; x_wconf 81' lang='grc' dir='ltr'><strong><em>πονηρότατοι</em></strong></span> <span class='ocrx_word' id='word_1_137' title='bbox 909 2081 962 2145; x_wconf 85' lang='grc' dir='ltr'>ιιαὶ</span> <span class='ocrx_word' id='word_1_138' title='bbox 985 2083 1075 2146; x_wconf 69' lang='grc' dir='ltr'><strong><em>θεῶν</em></strong></span> <span class='ocrx_word' id='word_1_139' title='bbox 1102 2081 1157 2146; x_wconf 75' lang='lat' dir='ltr'>drot</span> <span class='ocrx_word' id='word_1_140' title='bbox 1186 2083 1243 2167; x_wconf 78' lang='grc' dir='ltr'><strong><em>τὴν</em></strong></span> <span class='ocrx_word' id='word_1_141' title='bbox 1270 2083 1461 2160; x_wconf 78' lang='grc' dir='ltr'><strong><em>πλεονεξίαν</em></strong></span> <span class='ocrx_word' id='word_1_142' title='bbox 1488 2108 1603 2147; x_wconf 78' lang='grc' dir='ltr'><strong><em>κατα-</em></strong></span> 
     </span>
     <span class='ocr_line' id='line_1_17' title="bbox 348 2188 1604 2276; baseline 0.003 -25"><span class='ocrx_word' id='word_1_143' title='bbox 348 2190 540 2274; x_wconf 76' lang='grc' dir='ltr'><strong><em>φρονοῦντες</em></strong></span> <span class='ocrx_word' id='word_1_144' title='bbox 572 2188 751 2275; x_wconf 72' lang='grc' dir='ltr'><strong><em>προθύμιος</em></strong></span> <span class='ocrx_word' id='word_1_145' title='bbox 786 2194 971 2273; x_wconf 79' lang='grc' dir='ltr'><strong><em>συνέτρεχον</em></strong></span> <span class='ocrx_word' id='word_1_146' title='bbox 1005 2189 1086 2275; x_wconf 82' lang='grc' dir='ltr'><strong><em>πρὸς</em></strong></span> <span class='ocrx_word' id='word_1_147' title='bbox 1121 2190 1176 2253; x_wconf 76' lang='grc' dir='ltr'><strong><em>τὸν</em></strong></span> <span class='ocrx_word' id='word_1_148' title='bbox 1206 2189 1390 2276; x_wconf 79' lang='grc' dir='ltr'><strong><em>Φιλόμηλον</em></strong></span> <span class='ocrx_word' id='word_1_149' title='bbox 1422 2192 1477 2255; x_wconf 86' lang='grc' dir='ltr'>ιιαὶ</span> <span class='ocrx_word' id='word_1_150' title='bbox 1514 2194 1604 2272; x_wconf 77' lang='grc' dir='ltr'><strong><em>ταχὺ</em></strong></span> 
     </span>
     <span class='ocr_line' id='line_1_18' title="bbox 347 2295 1603 2385; baseline 0.006 -27"><span class='ocrx_word' id='word_1_151' title='bbox 347 2295 484 2379; x_wconf 80' lang='grc' dir='ltr'><strong><em>δύναμις</em></strong></span> <span class='ocrx_word' id='word_1_152' title='bbox 506 2297 618 2383; x_wconf 80' lang='grc' dir='ltr'><strong><em>λσχορὰ</em></strong></span> <span class='ocrx_word' id='word_1_153' title='bbox 642 2301 771 2382; x_wconf 79' lang='grc' dir='ltr'><strong><em>συνέστη</em></strong></span> <span class='ocrx_word' id='word_1_154' title='bbox 795 2299 858 2360; x_wconf 86' lang='grc' dir='ltr'><strong><em>τῶν</em></strong></span> <span class='ocrx_word' id='word_1_155' title='bbox 880 2296 962 2383; x_wconf 85' lang='grc' dir='ltr'><strong><em>πρὸς</em></strong></span> <span class='ocrx_word' id='word_1_156' title='bbox 991 2298 1047 2382; x_wconf 80' lang='grc' dir='ltr'><strong><em>τὴν</em></strong></span> <span class='ocrx_word' id='word_1_157' title='bbox 1074 2295 1253 2384; x_wconf 72' lang='grc' dir='ltr'><strong><em>ἱεροσυλίαν</em></strong></span> <span class='ocrx_word' id='word_1_158' title='bbox 1279 2296 1479 2385; x_wconf 79' lang='grc' dir='ltr'><strong><em>ὁρμωμένων.</em></strong></span> <span class='ocrx_word' id='word_1_159' title='bbox 1531 2301 1553 2385; x_wconf 66' lang='grc' dir='ltr'><strong>ξ</strong></span> <span class='ocrx_word' id='word_1_160' title='bbox 1583 2303 1603 2365; x_wconf 88' lang='grc'><strong>3</strong></span> 
     </span>
     <span class='ocr_line' id='line_1_19' title="bbox 346 2402 1603 2494; baseline 0.003 -26"><span class='ocrx_word' id='word_1_161' title='bbox 346 2402 363 2468; x_wconf 90' lang='lat' dir='ltr'>o‘</span> <span class='ocrx_word' id='word_1_162' title='bbox 389 2403 423 2466; x_wconf 81' lang='grc' dir='ltr'>δὲ</span> <span class='ocrx_word' id='word_1_163' title='bbox 442 2407 481 2467; x_wconf 76' lang='grc' dir='ltr'>Φ.</span> <span class='ocrx_word' id='word_1_164' title='bbox 506 2404 560 2468; x_wconf 80' lang='grc' dir='ltr'>διὰ</span> <span class='ocrx_word' id='word_1_165' title='bbox 585 2406 618 2470; x_wconf 87' lang='grc' dir='ltr'>τὸ</span> <span class='ocrx_word' id='word_1_166' title='bbox 642 2409 780 2488; x_wconf 74' lang='grc' dir='ltr'><strong><em>μέγεθος</em></strong></span> <span class='ocrx_word' id='word_1_167' title='bbox 803 2409 856 2490; x_wconf 76' lang='grc' dir='ltr'>τῆς</span> <span class='ocrx_word' id='word_1_168' title='bbox 879 2407 1030 2493; x_wconf 69' lang='grc' dir='ltr'><strong><em>εὐπορίας</em></strong></span> <span class='ocrx_word' id='word_1_169' title='bbox 1054 2406 1134 2486; x_wconf 79' lang='grc' dir='ltr'><strong><em>ταχὺ</em></strong></span> <span class='ocrx_word' id='word_1_170' title='bbox 1148 2405 1289 2490; x_wconf 79' lang='grc' dir='ltr'><strong><em>δύναμιν</em></strong></span> <span class='ocrx_word' id='word_1_171' title='bbox 1303 2405 1481 2494; x_wconf 73' lang='grc' dir='ltr'><strong><em>ἀξιόχρεων</em></strong></span> <span class='ocrx_word' id='word_1_172' title='bbox 1495 2432 1603 2472; x_wconf 81' lang='grc' dir='ltr'><strong><em>κατε-</em></strong></span> 
     </span>
     <span class='ocr_line' id='line_1_20' title="bbox 347 2512 1603 2601; baseline 0.002 -27"><span class='ocrx_word' id='word_1_173' title='bbox 347 2512 532 2578; x_wconf 82' lang='grc' dir='ltr'><strong><em>σκευάσατο.</em></strong></span> <span class='ocrx_word' id='word_1_174' title='bbox 571 2515 649 2599; x_wconf 74' lang='lat'>§32</span> <span class='ocrx_word' id='word_1_175' title='bbox 674 2515 692 2600; x_wconf 65' lang='grc' dir='ltr'><strong>ξ</strong></span> <span class='ocrx_word' id='word_1_176' title='bbox 718 2518 734 2578; x_wconf 96' lang='grc'>1</span> <span class='ocrx_word' id='word_1_177' title='bbox 763 2519 946 2597; x_wconf 81' lang='grc' dir='ltr'><strong><em>νομίσαντες</em></strong></span> <span class='ocrx_word' id='word_1_178' title='bbox 969 2515 1026 2580; x_wconf 87' lang='grc' dir='ltr'><strong><em>τὸν</em></strong></span> <span class='ocrx_word' id='word_1_179' title='bbox 1048 2514 1236 2579; x_wconf 72' lang='grc' dir='ltr'><strong><em>αἰτιώτατον</em></strong></span> <span class='ocrx_word' id='word_1_180' title='bbox 1260 2518 1312 2600; x_wconf 82' lang='grc' dir='ltr'>τἠς</span> <span class='ocrx_word' id='word_1_181' title='bbox 1334 2512 1512 2601; x_wconf 73' lang='grc' dir='ltr'><strong><em>ἱεροσυλίας</em></strong></span> <span class='ocrx_word' id='word_1_182' title='bbox 1532 2517 1603 2578; x_wconf 82' lang='grc' dir='ltr'>Φι-</span> 
     </span>
     <span class='ocr_line' id='line_1_21' title="bbox 347 2620 1603 2710; baseline 0.004 -25"><span class='ocrx_word' id='word_1_183' title='bbox 347 2620 487 2707; x_wconf 90' lang='grc' dir='ltr'><strong><em>λόμηλον</em></strong></span> <span class='ocrx_word' id='word_1_184' title='bbox 514 2621 580 2685; x_wconf 81' lang='grc' dir='ltr'><strong><em>κτλ.</em></strong></span> <span class='ocrx_word' id='word_1_185' title='bbox 632 2620 678 2687; x_wconf 86' lang='lat' dir='ltr'>At</span> <span class='ocrx_word' id='word_1_186' title='bbox 706 2622 893 2705; x_wconf 82' lang='lat' dir='ltr'>cogitaverit</span> <span class='ocrx_word' id='word_1_187' title='bbox 920 2623 1092 2710; x_wconf 83' lang='lat' dir='ltr'>quispiam,</span> <span class='ocrx_word' id='word_1_188' title='bbox 1126 2622 1300 2690; x_wconf 87' lang='lat' dir='ltr'>Diodorum</span> <span class='ocrx_word' id='word_1_189' title='bbox 1327 2622 1534 2708; x_wconf 74' lang='grc' dir='ltr'><strong><em>ἀναθήματα</em></strong></span> <span class='ocrx_word' id='word_1_190' title='bbox 1568 2629 1603 2690; x_wconf 88' lang='lat' dir='ltr'>et</span> 
     </span>
     <span class='ocr_line' id='line_1_22' title="bbox 348 2730 1602 2818; baseline 0.006 -26"><span class='ocrx_word' id='word_1_191' title='bbox 348 2730 495 2817; x_wconf 86' lang='grc' dir='ltr'><strong><em>χρήματα</em></strong></span> <span class='ocrx_word' id='word_1_192' title='bbox 519 2750 544 2796; x_wconf 88' lang='grc' dir='ltr'>ο.</span> <span class='ocrx_word' id='word_1_193' title='bbox 564 2732 606 2797; x_wconf 80' lang='lat'>28</span> <span class='ocrx_word' id='word_1_194' title='bbox 631 2734 663 2796; x_wconf 90' lang='lat' dir='ltr'>et</span> <span class='ocrx_word' id='word_1_195' title='bbox 687 2752 712 2797; x_wconf 91' lang='lat' dir='ltr'>o.</span> <span class='ocrx_word' id='word_1_196' title='bbox 731 2733 775 2797; x_wconf 88' lang='lat'>30</span> <span class='ocrx_word' id='word_1_197' title='bbox 799 2732 1058 2815; x_wconf 82' lang='lat' dir='ltr'>commutavisse3</span> <span class='ocrx_word' id='word_1_198' title='bbox 1083 2730 1138 2797; x_wconf 90' lang='lat' dir='ltr'>sed</span> <span class='ocrx_word' id='word_1_199' title='bbox 1158 2751 1197 2797; x_wconf 87' lang='lat' dir='ltr'>ne</span> <span class='ocrx_word' id='word_1_200' title='bbox 1212 2730 1294 2797; x_wconf 91' lang='lat' dir='ltr'>banc</span> <span class='ocrx_word' id='word_1_201' title='bbox 1309 2730 1435 2818; x_wconf 88' lang='lat' dir='ltr'>quidem</span> <span class='ocrx_word' id='word_1_202' title='bbox 1451 2731 1602 2818; x_wconf 80' lang='lat' dir='ltr'>explica</span> 
     </span>
     <span class='ocr_line' id='line_1_23' title="bbox 346 2838 1601 2926; baseline 0.004 -23"><span class='ocrx_word' id='word_1_203' title='bbox 346 2838 465 2903; x_wconf 90' lang='lat' dir='ltr'>tionem</span> <span class='ocrx_word' id='word_1_204' title='bbox 489 2841 574 2903; x_wconf 90' lang='lat' dir='ltr'>stare</span> <span class='ocrx_word' id='word_1_205' title='bbox 598 2858 689 2925; x_wconf 91' lang='lat' dir='ltr'>posse</span> <span class='ocrx_word' id='word_1_206' title='bbox 713 2859 804 2905; x_wconf 89' lang='lat' dir='ltr'>nemo</span> <span class='ocrx_word' id='word_1_207' title='bbox 828 2859 891 2918; x_wconf 87' lang='lat' dir='ltr'>non</span> <span class='ocrx_word' id='word_1_208' title='bbox 914 2838 1015 2922; x_wconf 84' lang='lat' dir='ltr'>videt3</span> <span class='ocrx_word' id='word_1_209' title='bbox 1045 2840 1181 2926; x_wconf 90' lang='lat' dir='ltr'>primum</span> <span class='ocrx_word' id='word_1_210' title='bbox 1204 2841 1288 2905; x_wconf 90' lang='lat' dir='ltr'>enim</span> <span class='ocrx_word' id='word_1_211' title='bbox 1312 2839 1431 2905; x_wconf 89' lang='lat' dir='ltr'>duobus</span> <span class='ocrx_word' id='word_1_212' title='bbox 1455 2840 1489 2905; x_wconf 92' lang='lat' dir='ltr'>in</span> <span class='ocrx_word' id='word_1_213' title='bbox 1514 2839 1601 2908; x_wconf 86' lang='lat' dir='ltr'>locis</span> 
     </span>
     <span class='ocr_line' id='line_1_24' title="bbox 347 2944 1600 3036; baseline 0.003 -25"><span class='ocrx_word' id='word_1_214' title='bbox 347 2944 521 3011; x_wconf 89' lang='lat' dir='ltr'>Diodorum</span> <span class='ocrx_word' id='word_1_215' title='bbox 545 2946 654 3013; x_wconf 89' lang='lat' dir='ltr'>eodem</span> <span class='ocrx_word' id='word_1_216' title='bbox 677 2947 770 3013; x_wconf 91' lang='lat' dir='ltr'>modo</span> <span class='ocrx_word' id='word_1_217' title='bbox 794 2949 949 3015; x_wconf 85' lang='lat' dir='ltr'>erravisse</span> <span class='ocrx_word' id='word_1_218' title='bbox 973 2968 1084 3033; x_wconf 90' lang='lat' dir='ltr'>parurn</span> <span class='ocrx_word' id='word_1_219' title='bbox 1108 2948 1272 3036; x_wconf 89' lang='lat' dir='ltr'>probabile</span> <span class='ocrx_word' id='word_1_220' title='bbox 1296 2952 1358 3031; x_wconf 76' lang='lat' dir='ltr'>ost,</span> <span class='ocrx_word' id='word_1_221' title='bbox 1388 2946 1500 3014; x_wconf 89' lang='lat' dir='ltr'>deinde</span> <span class='ocrx_word' id='word_1_222' title='bbox 1531 2971 1600 3035; x_wconf 91' lang='lat' dir='ltr'>quo</span> 
     </span>
     <span class='ocr_line' id='line_1_25' title="bbox 348 3054 1600 3144; baseline 0.003 -24"><span class='ocrx_word' id='word_1_223' title='bbox 348 3054 441 3135; x_wconf 88' lang='lat' dir='ltr'>modo</span> <span class='ocrx_word' id='word_1_224' title='bbox 470 3055 678 3143; x_wconf 83' lang='lat' dir='ltr'>explicatione</span> <span class='ocrx_word' id='word_1_225' title='bbox 707 3057 766 3122; x_wconf 89' lang='lat' dir='ltr'>illa</span> <span class='ocrx_word' id='word_1_226' title='bbox 789 3058 926 3144; x_wconf 89' lang='lat' dir='ltr'>probata</span> <span class='ocrx_word' id='word_1_227' title='bbox 948 3078 974 3124; x_wconf 88' lang='lat' dir='ltr'>c.</span> <span class='ocrx_word' id='word_1_228' title='bbox 1002 3059 1059 3140; x_wconf 83' lang='lat'>56,</span> <span class='ocrx_word' id='word_1_229' title='bbox 1084 3066 1102 3123; x_wconf 82' lang='lat'>5</span> <span class='ocrx_word' id='word_1_230' title='bbox 1126 3057 1223 3124; x_wconf 87' lang='lat' dir='ltr'>verba</span> <span class='ocrx_word' id='word_1_231' title='bbox 1245 3057 1447 3143; x_wconf 88' lang='lat' dir='ltr'>interpretari</span> <span class='ocrx_word' id='word_1_232' title='bbox 1470 3055 1600 3141; x_wconf 87' lang='lat' dir='ltr'>liceret,</span> 
     </span>
     <span class='ocr_line' id='line_1_26' title="bbox 347 3164 1601 3252; baseline 0.002 -23"><span class='ocrx_word' id='word_1_233' title='bbox 347 3165 400 3229; x_wconf 85' lang='lat' dir='ltr'>vix</span> <span class='ocrx_word' id='word_1_234' title='bbox 428 3165 594 3251; x_wconf 89' lang='lat' dir='ltr'>quisquam</span> <span class='ocrx_word' id='word_1_235' title='bbox 623 3165 725 3232; x_wconf 92' lang='lat' dir='ltr'>dicere</span> <span class='ocrx_word' id='word_1_236' title='bbox 754 3171 870 3252; x_wconf 88' lang='lat' dir='ltr'>posset.</span> <span class='ocrx_word' id='word_1_237' title='bbox 918 3165 1028 3231; x_wconf 80' lang='lat' dir='ltr'>Alium</span> <span class='ocrx_word' id='word_1_238' title='bbox 1051 3164 1182 3232; x_wconf 88' lang='lat' dir='ltr'>Diodori</span> <span class='ocrx_word' id='word_1_239' title='bbox 1210 3185 1346 3232; x_wconf 90' lang='lat' dir='ltr'>errorem</span> <span class='ocrx_word' id='word_1_240' title='bbox 1375 3166 1516 3248; x_wconf 85' lang='lat' dir='ltr'>cogitare</span> <span class='ocrx_word' id='word_1_241' title='bbox 1542 3188 1601 3232; x_wconf 82' lang='lat' dir='ltr'>ne</span> 
     </span>
     <span class='ocr_line' id='line_1_27' title="bbox 348 3272 1601 3360; baseline 0.002 -23"><span class='ocrx_word' id='word_1_242' title='bbox 348 3292 437 3358; x_wconf 85' lang='lat' dir='ltr'>quen,</span> <span class='ocrx_word' id='word_1_243' title='bbox 451 3272 506 3339; x_wconf 91' lang='lat' dir='ltr'>sed</span> <span class='ocrx_word' id='word_1_244' title='bbox 518 3273 727 3339; x_wconf 87' lang='lat' dir='ltr'>subsistamus</span> <span class='ocrx_word' id='word_1_245' title='bbox 740 3274 772 3338; x_wconf 93' lang='lat' dir='ltr'>in</span> <span class='ocrx_word' id='word_1_246' title='bbox 785 3293 889 3339; x_wconf 91' lang='lat' dir='ltr'>errore</span> <span class='ocrx_word' id='word_1_247' title='bbox 901 3272 1038 3360; x_wconf 88' lang='lat' dir='ltr'>quodam</span> <span class='ocrx_word' id='word_1_248' title='bbox 1050 3272 1182 3339; x_wconf 90' lang='lat' dir='ltr'>Diodori</span> <span class='ocrx_word' id='word_1_249' title='bbox 1194 3273 1422 3357; x_wconf 82' lang='lat' dir='ltr'>investigando,</span> <span class='ocrx_word' id='word_1_250' title='bbox 1440 3276 1601 3359; x_wconf 89' lang='lat' dir='ltr'>quoniam</span> 
     </span>
     <span class='ocr_line' id='line_1_28' title="bbox 347 3379 1428 3468; baseline 0 -23"><span class='ocrx_word' id='word_1_251' title='bbox 347 3402 386 3445; x_wconf 91' lang='lat' dir='ltr'>ne</span> <span class='ocrx_word' id='word_1_252' title='bbox 409 3379 497 3447; x_wconf 88' lang='lat' dir='ltr'>Paok</span> <span class='ocrx_word' id='word_1_253' title='bbox 521 3381 647 3468; x_wconf 89' lang='lat' dir='ltr'>quidem</span> <span class='ocrx_word' id='word_1_254' title='bbox 671 3380 843 3468; x_wconf 89' lang='lat' dir='ltr'>quidquam</span> <span class='ocrx_word' id='word_1_255' title='bbox 868 3382 945 3447; x_wconf 89' lang='lat' dir='ltr'>certi</span> <span class='ocrx_word' id='word_1_256' title='bbox 969 3381 1008 3446; x_wconf 91' lang='lat' dir='ltr'>de</span> <span class='ocrx_word' id='word_1_257' title='bbox 1031 3402 1067 3447; x_wconf 92' lang='lat' dir='ltr'>eo</span> <span class='ocrx_word' id='word_1_258' title='bbox 1091 3381 1272 3468; x_wconf 81' lang='lat' dir='ltr'>explorasse</span> <span class='ocrx_word' id='word_1_259' title='bbox 1295 3381 1428 3446; x_wconf 83' lang='lat' dir='ltr'>videtur.</span> 
     </span>
    </p>

    <p class='ocr_par' dir='ltr' id='par_1_3' title="bbox 272 3488 1605 4653">
     <span class='ocr_line' id='line_1_29' title="bbox 439 3488 1602 3575; baseline 0.003 -21"><span class='ocrx_word' id='word_1_260' title='bbox 439 3488 554 3567; x_wconf 77' lang='lat' dir='ltr'>Quodsi</span> <span class='ocrx_word' id='word_1_261' title='bbox 578 3489 675 3555; x_wconf 84' lang='lat' dir='ltr'>verba</span> <span class='ocrx_word' id='word_1_262' title='bbox 699 3510 723 3556; x_wconf 84' lang='lat' dir='ltr'>o.</span> <span class='ocrx_word' id='word_1_263' title='bbox 751 3492 837 3571; x_wconf 87' lang='lat'>30,1</span> <span class='ocrx_word' id='word_1_264' title='bbox 862 3489 932 3575; x_wconf 92' lang='lat' dir='ltr'>ipsa</span> <span class='ocrx_word' id='word_1_265' title='bbox 947 3489 1120 3555; x_wconf 87' lang='lat' dir='ltr'>Diodorum</span> <span class='ocrx_word' id='word_1_266' title='bbox 1144 3490 1280 3556; x_wconf 88' lang='lat' dir='ltr'>auctoris</span> <span class='ocrx_word' id='word_1_267' title='bbox 1303 3490 1351 3556; x_wconf 90' lang='lat' dir='ltr'>sui</span> <span class='ocrx_word' id='word_1_268' title='bbox 1374 3491 1602 3557; x_wconf 87' lang='lat' dir='ltr'>narrationem</span> 
     </span>
     <span class='ocr_line' id='line_1_30' title="bbox 347 3595 1601 3687; baseline 0.002 -24"><span class='ocrx_word' id='word_1_269' title='bbox 347 3599 521 3665; x_wconf 88' lang='lat' dir='ltr'>rectissime</span> <span class='ocrx_word' id='word_1_270' title='bbox 545 3595 745 3663; x_wconf 89' lang='lat' dir='ltr'>transtulisse</span> <span class='ocrx_word' id='word_1_271' title='bbox 771 3601 916 3681; x_wconf 82' lang='lat' dir='ltr'>arguunt,</span> <span class='ocrx_word' id='word_1_272' title='bbox 941 3617 1022 3687; x_wconf 86' lang='lat' dir='ltr'>quae</span> <span class='ocrx_word' id='word_1_273' title='bbox 1045 3596 1111 3662; x_wconf 87' lang='lat' dir='ltr'>alia</span> <span class='ocrx_word' id='word_1_274' title='bbox 1127 3598 1306 3667; x_wconf 84' lang='lat' dir='ltr'>coniectura</span> <span class='ocrx_word' id='word_1_275' title='bbox 1320 3596 1517 3684; x_wconf 89' lang='lat' dir='ltr'>probabilior</span> <span class='ocrx_word' id='word_1_276' title='bbox 1533 3605 1601 3682; x_wconf 86' lang='lat' dir='ltr'>est,</span> 
     </span>
     <span class='ocr_line' id='line_1_31' title="bbox 347 3706 1601 3794; baseline 0.002 -23"><span class='ocrx_word' id='word_1_277' title='bbox 347 3728 443 3793; x_wconf 89' lang='lat' dir='ltr'>quarn</span> <span class='ocrx_word' id='word_1_278' title='bbox 466 3726 491 3772; x_wconf 87' lang='lat' dir='ltr'>c.</span> <span class='ocrx_word' id='word_1_279' title='bbox 512 3706 564 3787; x_wconf 84' lang='lat'>56,</span> <span class='ocrx_word' id='word_1_280' title='bbox 582 3712 599 3769; x_wconf 83' lang='lat'>5</span> <span class='ocrx_word' id='word_1_281' title='bbox 623 3724 640 3770; x_wconf 92' lang='lat' dir='ltr'>e</span> <span class='ocrx_word' id='word_1_282' title='bbox 664 3706 750 3772; x_wconf 88' lang='lat' dir='ltr'>fonte</span> <span class='ocrx_word' id='word_1_283' title='bbox 774 3706 925 3772; x_wconf 90' lang='lat' dir='ltr'>haustum</span> <span class='ocrx_word' id='word_1_284' title='bbox 948 3727 1027 3788; x_wconf 90' lang='lat' dir='ltr'>esse,</span> <span class='ocrx_word' id='word_1_285' title='bbox 1051 3707 1107 3792; x_wconf 92' lang='lat' dir='ltr'>qui</span> <span class='ocrx_word' id='word_1_286' title='bbox 1130 3706 1213 3792; x_wconf 90' lang='lat' dir='ltr'>quod</span> <span class='ocrx_word' id='word_1_287' title='bbox 1234 3708 1320 3794; x_wconf 89' lang='lat' dir='ltr'>prior</span> <span class='ocrx_word' id='word_1_288' title='bbox 1334 3706 1390 3772; x_wconf 92' lang='lat' dir='ltr'>ille</span> <span class='ocrx_word' id='word_1_289' title='bbox 1407 3707 1601 3790; x_wconf 86' lang='lat' dir='ltr'>affirmavit,</span> 
     </span>
     <span class='ocr_line' id='line_1_32' title="bbox 347 3812 1604 3901; baseline 0.003 -22"><span class='ocrx_word' id='word_1_290' title='bbox 347 3813 559 3880; x_wconf 88' lang='lat' dir='ltr'>Philomelum</span> <span class='ocrx_word' id='word_1_291' title='bbox 583 3812 785 3900; x_wconf 77' lang='grc' dir='ltr'><strong><em>ἀναθήματα</em></strong></span> <span class='ocrx_word' id='word_1_292' title='bbox 805 3815 958 3901; x_wconf 85' lang='lat' dir='ltr'>spoliasse</span> <span class='ocrx_word' id='word_1_293' title='bbox 975 3815 1091 3880; x_wconf 69' lang='lat' dir='ltr'>disemo</span> <span class='ocrx_word' id='word_1_294' title='bbox 1108 3813 1257 3897; x_wconf 78' lang='lat' dir='ltr'>negavit?</span> <span class='ocrx_word' id='word_1_295' title='bbox 1297 3814 1360 3880; x_wconf 90' lang='lat' dir='ltr'>Sed</span> <span class='ocrx_word' id='word_1_296' title='bbox 1375 3836 1415 3880; x_wconf 90' lang='lat' dir='ltr'>ne</span> <span class='ocrx_word' id='word_1_297' title='bbox 1430 3813 1604 3883; x_wconf 84' lang='lat' dir='ltr'>Sobaeieri</span> 
     </span>
     <span class='ocr_line' id='line_1_33' title="bbox 348 3920 1604 4009; baseline 0.002 -21"><span class='ocrx_word' id='word_1_298' title='bbox 348 3928 381 3989; x_wconf 88' lang='lat' dir='ltr'>et</span> <span class='ocrx_word' id='word_1_299' title='bbox 403 3922 594 4009; x_wconf 84' lang='lat' dir='ltr'>reliquorum</span> <span class='ocrx_word' id='word_1_300' title='bbox 618 3926 726 4009; x_wconf 90' lang='lat' dir='ltr'>partes</span> <span class='ocrx_word' id='word_1_301' title='bbox 750 3943 873 4007; x_wconf 80' lang='lat' dir='ltr'>sequar,</span> <span class='ocrx_word' id='word_1_302' title='bbox 898 3922 952 4008; x_wconf 89' lang='lat' dir='ltr'>qui</span> <span class='ocrx_word' id='word_1_303' title='bbox 974 3924 1011 3987; x_wconf 90' lang='lat' dir='ltr'>ut</span> <span class='ocrx_word' id='word_1_304' title='bbox 1034 3941 1060 3987; x_wconf 92' lang='lat' dir='ltr'>e.</span> <span class='ocrx_word' id='word_1_305' title='bbox 1079 3922 1120 3985; x_wconf 82' lang='grc'>56</span> <span class='ocrx_word' id='word_1_306' title='bbox 1146 3925 1179 3986; x_wconf 89' lang='lat' dir='ltr'>et</span> <span class='ocrx_word' id='word_1_307' title='bbox 1202 3923 1245 3987; x_wconf 87' lang='lat'>30</span> <span class='ocrx_word' id='word_1_308' title='bbox 1268 3920 1370 3986; x_wconf 88' lang='lat' dir='ltr'>eidem</span> <span class='ocrx_word' id='word_1_309' title='bbox 1386 3924 1509 3987; x_wconf 85' lang='lat' dir='ltr'>auctori</span> <span class='ocrx_word' id='word_1_310' title='bbox 1526 3926 1604 3990; x_wconf 89' lang='lat' dir='ltr'>virr-</span> 
     </span>
     <span class='ocr_line' id='line_1_34' title="bbox 348 4014 1605 4119; baseline 0.002 -22"><span class='ocrx_word' id='word_1_311' title='bbox 348 4014 498 4114; x_wconf 86' lang='lat' dir='ltr'>dicarent‚</span> <span class='ocrx_word' id='word_1_312' title='bbox 524 4054 647 4097; x_wconf 89' lang='lat' dir='ltr'>summa</span> <span class='ocrx_word' id='word_1_313' title='bbox 671 4052 728 4118; x_wconf 91' lang='lat' dir='ltr'>ope</span> <span class='ocrx_word' id='word_1_314' title='bbox 753 4032 835 4097; x_wconf 86' lang='lat' dir='ltr'>enixi</span> <span class='ocrx_word' id='word_1_315' title='bbox 859 4035 941 4113; x_wconf 81' lang='lat' dir='ltr'>sunt,</span> <span class='ocrx_word' id='word_1_316' title='bbox 972 4034 1159 4113; x_wconf 85' lang='lat' dir='ltr'>argumenta</span> <span class='ocrx_word' id='word_1_317' title='bbox 1181 4050 1197 4094; x_wconf 94' lang='lat' dir='ltr'>e</span> <span class='ocrx_word' id='word_1_318' title='bbox 1222 4029 1325 4095; x_wconf 86' lang='lat' dir='ltr'>verbis</span> <span class='ocrx_word' id='word_1_319' title='bbox 1349 4049 1375 4094; x_wconf 89' lang='lat' dir='ltr'>c.</span> <span class='ocrx_word' id='word_1_320' title='bbox 1402 4032 1490 4112; x_wconf 80' lang='lat'><strong>56,5</strong></span> <span class='ocrx_word' id='word_1_321' title='bbox 1516 4033 1605 4119; x_wconf 90' lang='lat' dir='ltr'>ipsis</span> 
     </span>
     <span class='ocr_line' id='line_1_35' title="bbox 347 4136 1605 4227; baseline 0 -20"><span class='ocrx_word' id='word_1_322' title='bbox 347 4141 449 4227; x_wconf 88' lang='lat' dir='ltr'>petita</span> <span class='ocrx_word' id='word_1_323' title='bbox 477 4140 556 4206; x_wconf 90' lang='lat' dir='ltr'>satis</span> <span class='ocrx_word' id='word_1_324' title='bbox 585 4138 723 4207; x_wconf 82' lang='lat' dir='ltr'>dilucida</span> <span class='ocrx_word' id='word_1_325' title='bbox 750 4160 800 4205; x_wconf 90' lang='lat' dir='ltr'>me</span> <span class='ocrx_word' id='word_1_326' title='bbox 830 4138 997 4205; x_wconf 89' lang='lat' dir='ltr'>adducunt.</span> <span class='ocrx_word' id='word_1_327' title='bbox 1045 4136 1186 4203; x_wconf 89' lang='lat' dir='ltr'>Primum</span> <span class='ocrx_word' id='word_1_328' title='bbox 1214 4138 1298 4203; x_wconf 88' lang='lat' dir='ltr'>enirn</span> <span class='ocrx_word' id='word_1_329' title='bbox 1327 4136 1458 4202; x_wconf 92' lang='lat' dir='ltr'>Diodori</span> <span class='ocrx_word' id='word_1_330' title='bbox 1487 4141 1605 4207; x_wconf 90' lang='lat' dir='ltr'>verbis</span> 
     </span>
     <span class='ocr_line' id='line_1_36' title="bbox 272 4243 1604 4333; baseline 0.004 -21"><span class='ocrx_word' id='word_1_331' title='bbox 272 4248 280 4263; x_wconf 82' lang='lat'><strong><em>‘</em></strong></span> <span class='ocrx_word' id='word_1_332' title='bbox 347 4249 504 4328; x_wconf 79' lang='grc' dir='ltr'><strong><em>ἀπέσχετο</em></strong></span> <span class='ocrx_word' id='word_1_333' title='bbox 533 4250 597 4312; x_wconf 77' lang='grc' dir='ltr'><strong><em>τῶν</em></strong></span> <span class='ocrx_word' id='word_1_334' title='bbox 619 4248 844 4333; x_wconf 66' lang='grc' dir='ltr'><strong><em>ἀναθημάτων</em></strong></span> <span class='ocrx_word' id='word_1_335' title='bbox 867 4244 1081 4311; x_wconf 81' lang='lat' dir='ltr'>Philomelam</span> <span class='ocrx_word' id='word_1_336' title='bbox 1104 4245 1243 4331; x_wconf 87' lang='lat' dir='ltr'>pecuniis</span> <span class='ocrx_word' id='word_1_337' title='bbox 1266 4244 1364 4311; x_wconf 85' lang='lat' dir='ltr'>sacris</span> <span class='ocrx_word' id='word_1_338' title='bbox 1386 4243 1475 4328; x_wconf 83' lang='lat' dir='ltr'>large</span> <span class='ocrx_word' id='word_1_339' title='bbox 1500 4266 1604 4317; x_wconf 86' lang='lat' dir='ltr'>usum</span> 
     </span>
     <span class='ocr_line' id='line_1_37' title="bbox 348 4349 1605 4442; baseline 0.002 -21"><span class='ocrx_word' id='word_1_340' title='bbox 348 4376 416 4421; x_wconf 90' lang='lat' dir='ltr'>esse</span> <span class='ocrx_word' id='word_1_341' title='bbox 445 4356 616 4439; x_wconf 83' lang='lat' dir='ltr'>significari</span> <span class='ocrx_word' id='word_1_342' title='bbox 644 4355 723 4420; x_wconf 90' lang='lat' dir='ltr'>mihi</span> <span class='ocrx_word' id='word_1_343' title='bbox 754 4354 881 4442; x_wconf 89' lang='lat' dir='ltr'>quidem</span> <span class='ocrx_word' id='word_1_344' title='bbox 915 4352 1098 4419; x_wconf 87' lang='lat' dir='ltr'>incredibile</span> <span class='ocrx_word' id='word_1_345' title='bbox 1133 4357 1191 4418; x_wconf 90' lang='lat' dir='ltr'>est.</span> <span class='ocrx_word' id='word_1_346' title='bbox 1243 4349 1366 4417; x_wconf 90' lang='lat' dir='ltr'>Deinde</span> <span class='ocrx_word' id='word_1_347' title='bbox 1402 4352 1429 4417; x_wconf 91' lang='lat' dir='ltr'>si</span> <span class='ocrx_word' id='word_1_348' title='bbox 1464 4354 1605 4439; x_wconf 90' lang='lat' dir='ltr'>quidem</span> 
     </span>
     <span class='ocr_line' id='line_1_38' title="bbox 350 4459 1605 4546; baseline 0.001 -17"><span class='ocrx_word' id='word_1_349' title='bbox 350 4467 459 4529; x_wconf 87' lang='lat' dir='ltr'>auctor</span> <span class='ocrx_word' id='word_1_350' title='bbox 486 4461 632 4546; x_wconf 85' lang='lat' dir='ltr'>Diodori,</span> <span class='ocrx_word' id='word_1_351' title='bbox 662 4466 699 4527; x_wconf 90' lang='lat' dir='ltr'>ut</span> <span class='ocrx_word' id='word_1_352' title='bbox 726 4462 785 4528; x_wconf 93' lang='lat' dir='ltr'>hoo</span> <span class='ocrx_word' id='word_1_353' title='bbox 813 4461 1034 4545; x_wconf 81' lang='lat' dir='ltr'>argumentum</span> <span class='ocrx_word' id='word_1_354' title='bbox 1061 4460 1127 4524; x_wconf 91' lang='lat' dir='ltr'>iam</span> <span class='ocrx_word' id='word_1_355' title='bbox 1153 4480 1234 4525; x_wconf 90' lang='lat' dir='ltr'>nunc</span> <span class='ocrx_word' id='word_1_356' title='bbox 1262 4459 1433 4545; x_wconf 84' lang='lat' dir='ltr'>proferam,</span> <span class='ocrx_word' id='word_1_357' title='bbox 1469 4482 1605 4530; x_wconf 91' lang='lat' dir='ltr'>summo</span> 
     </span>
     <span class='ocr_line' id='line_1_39' title="bbox 347 4564 1605 4653; baseline -0.002 -16"><span class='ocrx_word' id='word_1_358' title='bbox 347 4569 556 4638; x_wconf 86' lang='lat' dir='ltr'>Phocensium</span> <span class='ocrx_word' id='word_1_359' title='bbox 586 4569 657 4637; x_wconf 92' lang='lat' dir='ltr'>odio</span> <span class='ocrx_word' id='word_1_360' title='bbox 680 4568 895 4643; x_wconf 84' lang='lat' dir='ltr'>inflammatus</span> <span class='ocrx_word' id='word_1_361' title='bbox 919 4571 1001 4650; x_wconf 83' lang='lat' dir='ltr'>erat,</span> <span class='ocrx_word' id='word_1_362' title='bbox 1029 4569 1066 4632; x_wconf 92' lang='lat' dir='ltr'>ut</span> <span class='ocrx_word' id='word_1_363' title='bbox 1088 4564 1324 4653; x_wconf 87' lang='lat' dir='ltr'>Volquardseno</span> <span class='ocrx_word' id='word_1_364' title='bbox 1348 4569 1381 4633; x_wconf 91' lang='lat' dir='ltr'>et</span> <span class='ocrx_word' id='word_1_365' title='bbox 1402 4565 1526 4635; x_wconf 84' lang='lat' dir='ltr'>Paokio</span> <span class='ocrx_word' id='word_1_366' title='bbox 1553 4574 1605 4640; x_wconf 88' lang='lat' dir='ltr'>vi-</span> 
     </span>
    </p>
   </div>
   <div class='ocr_carea' id='block_1_3' title="bbox 0 0 1702 5300">
    <p class='ocr_par' dir='ltr' id='par_1_4' title="bbox 0 0 1702 5300">
     <span class='ocr_line' id='line_1_40' title="bbox 0 0 1702 5300; baseline 0 0"><span class='ocrx_word' id='word_1_367' title='bbox 0 0 1702 5300; x_wconf 95' lang='lat' dir='ltr'> </span> 
     </span>
    </p>
   </div>
  </div>
 </body>
</html>
