3392 5300
726 393 947 458 *39-

216 593 307 642 suum
332 591 500 660 occupasse
524 572 683 655 videntur,
714 576 749 639 ut
772 575 824 659 qui
848 575 967 640 factum
992 578 1090 656 esset,
1117 578 1151 640 ut
1173 574 1403 642 Demosthenes
1426 575 1459 640 in

221 683 367 748 contione
395 681 591 768 loqueretur,
620 681 835 768 explanarent.
883 682 955 748 Non
982 685 1100 767 magis,
1128 705 1208 769 quae
1234 683 1318 770 apud
1340 688 1459 748 utrum-

215 811 274 877 que
299 791 337 856 dc
362 791 585 858 Demosthenis
609 793 641 856 in
664 790 855 860 Aeschinem
877 793 1140 876 magnaminitatc
1163 792 1325 875 leguntur,
1350 792 1458 858 arche-

215 903 294 984 typo
334 899 512 966 abiudicare
551 897 659 964 dubito
700 897 842 986 (PsPlut.
885 904 965 981 284,
1007 902 1164 983 90-93;
1204 900 1297 966 Phot.
1338 903 1403 966 493
1441 907 1457 958 b

217 1009 382 1074 31-494
414 1027 430 1064 a
465 1009 511 1092 2).
565 1005 681 1085 Quibus
716 1007 794 1075 locis
830 1010 928 1077 etiam
962 1029 1108 1076 numeros
1141 1009 1457 1075 Demosthenicorum

216 1136 368 1182 annorum
389 1138 408 1181 a
423 1114 538 1181 Photio
554 1114 690 1183 traditos
706 1115 797 1198 addo,
822 1118 848 1182 si
865 1115 992 1203 quidem
1008 1114 1317 1184 Pseudo-Plutarcho
1334 1137 1456 1203 quoquo

215 1223 411 1292 restituenda
446 1228 534 1308 sunt,
571 1227 635 1289 495
664 1245 680 1280 a
715 1228 750 1307 2,
788 1227 822 1292 3:
862 1225 936 1308 epto
971 1225 1016 1302 δὲ,
1050 1227 1091 1300 ὡς
1124 1228 1183 1308 μὲν
1217 1225 1246 1291 ot
1282 1227 1321 1288 τὰ
1356 1227 1456 1289 πλείω

213 1332 372 1410 λέγουσιν,
400 1331 452 1417 ἔτη
476 1332 521 1408 o‘,
548 1330 591 1406 ὡς
613 1332 647 1396 δὲ
671 1331 700 1396 oi
726 1333 765 1396 τὰ
792 1332 930 1407 ἐλάττω,
957 1333 983 1408 ζ’
1012 1335 1064 1396 καὶ
1091 1334 1131 1408 ξ’.
1179 1331 1279 1410 Quam
1308 1333 1455 1398 notitiam

213 1461 276 1504 una
304 1459 375 1504 cum
403 1441 487 1506 vitae
516 1441 615 1526 ipsius
640 1442 760 1506 ratione
785 1438 929 1527 (PsPlut.
956 1443 1032 1523 284,
1057 1443 1116 1526 81)
1141 1442 1195 1527 (cf.
1221 1463 1317 1528 supra
1340 1462 1369 1526 p.
1395 1442 1453 1526 34)

213 1547 254 1612 ab
277 1567 338 1614 uuo
363 1547 533 1633 eodemque
557 1553 683 1614 anctore
706 1549 859 1634 scriptam
882 1570 960 1631 esse,
985 1555 1021 1614 ut
1044 1545 1169 1615 credam
1187 1548 1382 1614 nullomodo
1400 1547 1454 1613 ad-

213 1653 284 1720 duci
307 1676 444 1742 possum.
492 1655 613 1722 Neuter
636 1657 734 1738 enim,
765 1657 847 1742 quod
870 1657 978 1742 utique
1001 1659 1211 1724 necessarium
1235 1662 1319 1722 esset
1330 1659 1369 1742 ¹),
1398 1678 1454 1721 nu-

212 1786 317 1831 merus
340 1767 373 1832 in
396 1765 487 1832 illam
510 1766 665 1832 rationem
686 1764 835 1851 quadrat;
861 1770 1006 1852 apertum
1021 1766 1118 1849 igitur
1134 1770 1192 1847 est,
1218 1785 1361 1831 numeros
1378 1762 1452 1830 illos

212 1894 233 1938 a
248 1875 420 1960 posteriore
437 1873 573 1960 quodam
589 1875 621 1938 in
634 1873 840 1961 archetypum
852 1873 961 1940 illatos
974 1895 1041 1940 esse
1053 1896 1154 1960 neque
1167 1895 1237 1940 cum
1250 1873 1417 1940 Schaefero
1425 1875 1452 1958 2)

212 2001 265 2048 eos
288 1981 455 2048 emendare
479 2002 557 2068 opus
582 1986 638 2048 est.
678 1981 725 2046 Ex
749 1982 902 2048 eiusmodi
925 1983 1022 2066 igitur
1039 1983 1211 2069 archetypo
1228 1982 1452 2048 additamentis

209 2091 274 2156 iam
308 2090 502 2176 amplificato
531 2131 573 2138 -
602 2091 772 2157 tenendum
807 2112 932 2178 semper
967 2096 1030 2173 est,
1066 2114 1130 2178 qua
1163 2095 1284 2158 incerta
1318 2093 1371 2156 via
1405 2091 1452 2156 in·

210 2198 405 2281 gradiamur,
442 2221 512 2267 cum
547 2199 688 2266 subsidia
722 2200 791 2266 sola
826 2223 843 2266 e
878 2201 1111 2287 comparatione
1139 2199 1451 2266 Pseudo-Plutarchi

209 2305 378 2394 Photiiquc
403 2311 540 2374 vitarum
563 2309 700 2395 petenda
715 2310 780 2375 sint
796 2349 837 2357 -
856 2308 945 2390 duae,
970 2313 1115 2394 utsupra
1130 2309 1194 2374 iam
1210 2309 1285 2390 dixi,
1310 2309 1451 2373 familiae

210 2416 370 2502 profectae
394 2421 481 2498 sunt,
511 2439 644 2504 quarum
667 2418 829 2484 novissimi
853 2421 952 2483 testes
975 2415 1025 2482 illi
1052 2417 1220 2502 scriptores
1249 2415 1451 2482 existimandi

210 2529 298 2608 sunt,
329 2547 470 2613 quaeque
495 2547 514 2590 a
538 2528 695 2592 communi
718 2530 848 2612 parente
873 2530 1038 2611 separatae
1062 2524 1127 2591 alia
1154 2524 1251 2590 aliam
1281 2525 1449 2605 fortunam,

209 2631 429 2701 additamenta
457 2656 493 2701 ac
522 2635 732 2721 corruptelas
762 2639 910 2722 expertae
938 2638 1020 2701 sunt.
1071 2634 1177 2721 Atque
1206 2634 1299 2718 longe
1330 2634 1451 2720 optima

208 2743 337 2809 fortuna
352 2741 460 2811 Photii
476 2744 599 2810 familia
615 2766 672 2811 usa
688 2748 746 2826 est,
765 2743 926 2809 rhetorum
942 2745 1150 2810 recentiorum
1165 2744 1289 2809 iudiciis
1305 2744 1448 2827 aucta³);

208 2851 387 2917 miserrima
407 2857 513 2917 autem
529 2872 596 2917 sors
613 2851 706 2917 alteri
723 2852 865 2935 contigit,
891 2872 971 2937 quae
988 2852 1193 2937 dispositione
1210 2851 1344 2937 pristina
1358 2848 1448 2915 foede

208 2958 368 3045 discerpta
402 2960 698 3047 interpolationibus
733 2959 834 3025 multo
869 2960 971 3043 magis
1005 2959 1152 3045 patebat,
1189 2961 1222 3024 in
1257 2958 1369 3045 quibus
1405 2979 1450 3007 —·

206 3065 347 3153 reliquas
390 3070 488 3135 vitas
517 3070 735 3156 praetermitto
781 3108 822 3116 —
863 3069 923 3133 hae
965 3069 1132 3153 praecipue
1175 3067 1332 3133 notandae
1374 3071 1449 3133 sunt

206 3196 238 3261 p.
280 3178 360 3258 287,
404 3178 604 3259 175-288,
647 3180 726 3260 183;
767 3180 847 3260 289,
889 3179 1090 3258 207-21·7;
1136 3178 1215 3255 290,
1258 3178 1445 3240 237-213

206 3285 262 3369 qui
285 3284 372 3353 locus
395 3285 690 3374 interpolationibus
719 3287 814 3353 variis
844 3287 975 3367 eminet,
1003 3306 1078 3360 nam
1105 3300 1168 3351 non
1195 3283 1297 3349 solum
1325 3304 1355 3349 v.
1382 3286 1447 3348 240

207 3392 280 3467 τούς
295 3393 330 3457 δὲ
345 3394 511 3470 πλείστους
526 3396 641 3475 λόγους
656 3400 748 3459 εἶπεν
764 3380 1027 3474 αῧτοσχεδιάσας,
1050 3392 1085 3457 εὖ
1099 3394 1182 3478 riphe
1197 3391 1275 3456 adrui
1296 3392 1448 3475 πεφυκώς

206 3520 277 3567 cum
302 3500 397 3587 paulo
422 3506 495 3569 ante
519 3502 611 3569 dictis
635 3506 678 3590 (1.
706 3504 900 3587 283-286)
925 3506 1081 3588 pugnant,
1105 3500 1160 3595 sed
1184 3501 1280 3567 etiam
1304 3521 1354 3576 uv.
1381 3502 1440 3564 241

207 3612 317 3675 -243
342 3615 524 3696 πρῶτος-
541 3612 689 3687 Διώνδας
712 3611 793 3678 alius
817 3612 946 3695 originis
970 3615 1044 3677 sunt
1067 3614 1162 3696 atqm
1187 3631 1236 3675 vv.
1258 3611 1444 3674 106-110.

204 3716 267 3783 Hic
295 3717 447 3800 subsisto,
477 3739 515 3785 ne
544 3717 630 3784 ultra
657 3717 893 3806 probabilitatis
921 3720 999 3785 fines
1023 3720 1133 3801 vagari
1157 3717 1278 3799 videar3
1308 3718 1363 3783 sed
1386 3718 1446 3783 nisi

205 3826 392 3893 coniecturis
422 3848 491 3891 eam
520 3848 615 3912 quam
643 3827 682 3893 Α.
713 3826 896 3914 8111111014)
926 3826 1099 3893 delineavit
1126 3826 1292 3893 historiam
1321 3826 1446 3911 assequi

204 3956 262 4001 nos
285 3955 349 4001 non
372 3956 464 4021 posse
488 3936 521 4001 in
544 3940 655 4023 aperto
677 3943 736 4005 est.

296 4042 432 4109 Transeo
450 4045 530 4111 nudo
547 4043 587 4109 ad
603 4048 684 4110 veri
699 4043 903 4111 Plutarchi
918 4045 1002 4111 vitae
1019 4043 1277 4129 compositionem
1294 4062 1349 4127 pro
1366 4041 1445 4107 meis

283 4242 301 4311 ¹)
323 4246 355 4300 01,
381 4245 507 4299 Isocratis
531 4246 613 4298 vitam
638 4246 746 4298 PsPlut.
772 4245 839 4311 249,
866 4246 900 4298 64
925 4263 985 4299 cum
1009 4244 1077 4308 247,
1106 4244 1121 4295 7
1147 4245 1174 4295 ct
1198 4242 1265 4308 249,
1293 4242 1327 4295 56
1354 4240 1443 4307 (Phot.

203 4335 286 4389 487·
305 4336 347 4399 39,
368 4336 418 4401 40;
437 4336 519 4389 4861)
541 4332 593 4401 ll).

278 4422 394 4491 ⁷)Dem.
415 4442 440 4478 u.
461 4442 481 4479 s.
503 4428 530 4478 Z.
569 4426 616 4478 lll.
636 4426 751 4494 Bcilage.
791 4428 825 4491 II,
845 4444 872 4494 p.
893 4426 936 4479 52.

277 4511 299 4579 ³)
319 4516 409 4569 Aliam
429 4517 560 4569 rationem
580 4520 732 4585 sequuntur
751 4517 842 4572 Photii
861 4517 942 4572 verba
959 4515 1013 4572 492
1029 4525 1042 4553 ⁸
1060 4515 1104 4585 27,
1124 4516 1206 4574 aliam
1224 4514 1238 4551 ¹³
1255 4513 1367 4574 18-291

276 4601 299 4672 ⁴)
319 4605 419 4659 Geram,
438 4622 465 4673 p.
485 4606 592 4671 3131.
