3392 5300
665 431 889 496 „32-

157 611 267 676 -495
288 632 304 667 a
321 614 389 697 11),
414 609 515 678 altero
532 610 650 678 dictum
665 611 888 678 Demosthenis
905 609 1073 699 Batalique
1089 612 1281 696 cognominis
1301 612 1397 678 inter-

157 723 349 807 pretationes
372 719 552 786 afferuntur.
599 719 712 788 Paucis
735 720 813 787 locis
836 723 975 808 exceptis
995 724 1061 787 492
1081 727 1099 779 b
1122 723 1271 804 37--403
1295 724 1361 788 493
1381 743 1399 778 a

158 831 301 911 34-41,
322 833 340 886 b
365 831 593 894 31-4edaa
619 831 725 896 omnia
747 831 866 916 optimo
890 830 997 896 ordine
1020 851 1088 896 sese
1111 831 1271 916 excipiunt
1294 832 1340 896 ita
1363 834 1399 896 ut

157 937 393 1023 dispositionem
409 936 501 1003 illam
517 939 580 1002 iam
598 959 617 1002 a
633 936 739 1018 Photii
755 939 840 1004 fonte
858 938 1032 1005 exhibitam
1048 960 1117 1006 esse
1133 939 1399 1006 verisimillimum

157 1047 214 1126 sit,
245 1046 331 1111 cuius
360 1044 511 1110 nonnulla
539 1044 723 1112 brevissime
752 1067 823 1112 eum
852 1046 1089 1115 adumbravisse
1112 1048 1315 1115 manifestum
1338 1052 1397 1130 est,

158 1154 223 1218 492
244 1158 260 1210 b
275 1156 316 1218 29
333 1153 425 1217 ἄλλοι
441 1152 472 1216 δ’
484 1153 569 1216 ἄλλα
585 1158 659 1238 περί
672 1176 705 1216 τε
716 1153 913 1230 παιδεύσεως
923 1160 1153 1241 Δημοσθένους
1162 1157 1216 1220 καὶ
1228 1159 1291 1220 τῶν
1301 1156 1400 1221 αὐτοῦ

157 1259 356 1326 διδασκάλων
367 1259 541 1348 ἱστοροῦσιν
545 1291 556 1340 ,-
572 1261 636 1326 495
657 1281 674 1317 a
691 1263 822 1326 12—15
837 1267 989 1348 φέρονται
1000 1263 1031 1327 δ’
1043 1262 1143 1328 abaci)
1153 1263 1400 1348 ἀποφθέγματα

158 1370 292 1434 πλεῖστα
311 1370 364 1433 καὶ
383 1370 593 1453 γνωμολογίαι
613 1371 683 1452 κτλ;
709 1369 773 1436 alia
795 1370 999 1454 neglegenter
1015 1392 1032 1436 e
1048 1371 1135 1437 fonte
1150 1393 1206 1438 suo
1223 1370 1398 1437 transtulit.

247 1477 367 1544 Eadem
390 1477 442 1543 vel
466 1477 630 1544 simillima
654 1477 818 1564 dispositio
842 1481 940 1545 etiam
955 1481 988 1544 in
1003 1479 1212 1567 Antiphontis
1227 1480 1401 1546 Andocidis

157 1587 272 1672 Lysiae
302 1587 385 1652 Isaei
415 1585 581 1654 Aeschinis
609 1585 783 1673 Hyperidis
805 1587 958 1654 Dinarchi
987 1589 1062 1654 vitis
1090 1588 1225 1655 dilucide
1254 1592 1397 1675 apparot.

158 1695 306 1762 Isocratis
342 1696 426 1761 vitae
462 1695 536 1760 ordo
566 1694 711 1762 turbatus
741 1697 875 1762 videtur.
927 1695 1069 1762 Primum
1097 1694 1181 1763 eniin
1208 1698 1247 1762 de
1269 1717 1400 1763 numero

158 1805 334 1869 orationum
359 1803 453 1870 etde
478 1808 545 1890 arte
570 1803 727 1870 rhetorica
750 1805 864 1888 agitur,
890 1804 1001 1872 deinde
1026 1807 1093 1871 vita
1116 1809 1262 1870 narratur
1281 1803 1401 1872 sedita

157 1915 290 1977 utente
320 1913 431 1978 mortis
460 1913 789 1978 commemorationem
818 1912 857 1978 de
885 1912 1092 2000 complurium
1116 1914 1292 1979 orationum
1316 1933 1401 1978 com-

157 2021 313 2106 positione
338 2020 525 2106 disputetur‚
550 2020 644 2085 morti
669 2024 775 2086 autem
798 2019 950 2086 nonnulla
967 2022 1005 2087 de
1021 2020 1160 2087 moribus
1176 2025 1400 2103 annectantu13

157 2131 225 2192 tum
249 2130 362 2193 iterum
387 2126 432 2194 de·
449 2128 672 2214 compositione
689 2150 894 2216 sermoneque
911 2132 1097 2211 orationum,
1122 2130 1288 2217 praecipue
1305 2150 1402 2216 pane-

158 2238 258 2322 gyrici
287 2236 473 2320 disseratur,
509 2236 641 2322 denique
657 2237 707 2302 ‘de
737 2237 900 2324 sepultura
928 2241 1105 2325 statuisque
1133 2239 1281 2306 Isocratis
1308 2237 1403 2324 plura

158 2343 338 2411 afferantur.
379 2344 440 2412 Hic
465 2345 550 2427 ordo,
575 2367 668 2432 quem
691 2345 840 2413 Photium
864 2349 984 2414 iamin
1008 2346 1153 2434 exemplo
1173 2368 1229 2413 suo
1245 2349 1401 2413 invenisse

158 2453 234 2519 mihi
260 2474 442 2540 persuasum
464 2458 522 2534 est,
547 2455 594 2519 ita
609 2453 694 2520 haud
710 2453 802 2520 dubie
818 2453 1022 2541 explicandus
1038 2459 1097 2536 est,
1120 2459 1157 2520 ut
1172 2454 1402 2540 disputationes

157 2560 234 2626 illae
263 2561 438 2628 rhetoricae
463 2564 526 2628 487
549 2565 730 2645 all-383
757 2565 927 2628 bae-40
950 2563 1088 2629 mediam
1111 2563 1144 2628 in
1167 2563 1267 2627 vitam
1289 2560 1403 2626 illatae

159 2693 178 2735 a
202 2671 334 2737 diversis
358 2671 536 2737 auctoribus
560 2672 720 2757 profectae
744 2691 812 2737 esse
837 2672 1064 2737 existimentur.
1104 2668 1247 2736 Priorem
1263 2671 1347 2735 enim
1363 2670 1403 2736 de

158 2779 363 2867 panegyrico,
408 2778 652 2865 panathenaico‚
697 2777 884 2866 Philippicis
923 2777 1116 2845 orationibus
1155 2777 1403 2865 disputationem

149 2907 282 2973 ¹semper
311 2906 381 2952 eum
410 2885 558 2953 Isocratis
586 2888 654 2953 rita
682 2888 880 2953 coniunctam
904 2888 1060 2968 extitisse,
1090 2884 1403 2952 Pseudo-Plutarchi

159 3015 326 3063 consensus
361 2998 406 3081 (p.
434 2997 509 3077 249,
539 2996 672 3061 65-70
696 2993 793 3061 West.
823 2994 945 3081 Biogr.)
980 2994 1156 3061 luculenter
1190 2994 1402 3076 demonstrat3

159 3104 242 3191 quod
265 3106 328 3169 iam
352 3101 410 3169 illo
434 3102 503 3170 loco
525 3103 563 3169 de
581 3105 805 3190 compositione
820 3103 1077 3190 temporibusque
1093 3104 1269 3169 orationum
1286 3104 1402 3187 agitur,

159 3213 192 3277 in
215 3211 364 3278 Isocratis
389 3214 456 3278 vita
479 3232 541 3277 non
566 3211 705 3293 offendit,
734 3214 920 3298 praesertim
945 3233 1015 3279 cum
1039 3233 1059 3276 a
1082 3212 1321 3297 panathenaico‚
1345 3232 1404 3297 pa-

158 3322 317 3405 negyrico,
346 3317 496 3407 Philippo
520 3319 561 3385 ad
584 3324 719 3385 mortem
743 3322 876 3387 oratoris
899 3319 1115 3407 exponendam
1139 3318 1291 3385 facillime
1315 3324 1403 3384 tran-

159 3432 274 3493 seatur.
319 3426 466 3493 Alteram
490 3432 595 3493 autem
619 3427 809 3495 rhetoricam
833 3433 958 3515 partem
981 3431 1044 3494 487
1066 3429 1234 3493 bae-40
1258 3448 1298 3493 ex
1315 3427 1403 3511 alius

159 3535 294 3602 rhetoris
318 3536 443 3601 officina
467 3536 629 3622 prodiisse,
655 3538 687 3602 in
710 3538 845 3623 pristina
869 3539 953 3603 vitae
977 3536 1080 3601 torma
1100 3556 1163 3601 non
1178 3524 1403 3627 extitisse,'iu·-

158 3644 273 3710 dicium
309 3643 347 3709 de
381 3646 569 3729 panegyrico
599 3645 640 3709 ab
669 3647 827 3730 superiore
857 3643 913 3710 illo
943 3647 978 3731 (a
1004 3646 1060 3729 15)
1089 3665 1217 3731 prorsus
1245 3642 1404 3709 diversum

117 3764 120 3775 “
159 3756 248 3817 extra
272 3772 396 3817 omnem
420 3751 650 3817 dubitationem
674 3753 771 3838 ponit.
821 3752 930 3838 Neque
955 3753 1057 3817 minus
1080 3756 1201 3817 certum
1224 3754 1289 3832 est,
1319 3751 1404 3836 quod

157 3860 289 3926 Photius
314 3858 449 3924 alteram
471 3859 553 3925 hanc
575 3860 764 3925 rhetoricam
789 3859 1035 3945 disputationem
1057 3879 1119 3925 non
1142 3879 1212 3923 cum
1233 3860 1336 3945 priore
1352 3879 1404 3925 co-

158 3969 312 4056 pulatam,
338 3966 393 4033 sed
409 3971 518 4033 eontra
534 3967 789 4033 consuetudinem
806 3988 905 4050 suam,
930 3988 993 4054 qua
1008 3966 1152 4033 confusas
1168 3966 1404 4052 permixtasque

158 4074 477 4143 Pseudo-Plutarchei
500 4076 690 4161 exemplaris
713 4097 763 4141 res
787 4077 819 4140 in
843 4079 962 4141 certam
985 4074 1145 4161 quandam
1166 4072 1404 4160 dispositionem

158 4184 315 4267 redegisse
340 4181 499 4270 plerisque
523 4184 662 4266 videtur,
693 4182 799 4249 ordine
824 4184 909 4249 vitae
933 4181 1060 4248 turbato
1084 4187 1152 4247 tam
1175 4181 1327 4264 singrdari
1350 4202 1404 4247 ex-

158 4291 259 4380 plicat
281 4291 360 4375 loco,
385 4292 449 4357 iam
473 4293 591 4357 fontem
617 4296 682 4357 eius
706 4292 788 4357 hunc
812 4291 954 4357 ordinem
977 4290 1166 4377 praebuisse.
1215 4290 1286 4355 Non
1309 4288 1405 4356 aliter

77 4444 82 4452 -
159 4401 197 4467 de
224 4399 353 4487 reliquis
389 4402 462 4467 vitis
490 4400 690 4467 iudicandum
719 4400 797 4466 mihi
826 4400 965 4483 videtur,
994 4421 1073 4487 quas
1101 4420 1164 4465 non
1187 4420 1204 4463 e
1227 4399 1297 4464 rudi
1324 4398 1405 4464 indi·
1507 4436 1509 4439 ·

158 4514 308 4597 gestaque
337 4509 549 4596 dispersarum
577 4510 761 4575 notitiarum
790 4507 873 4574 mole
902 4511 935 4574 'm
963 4529 1033 4573 eam
1062 4528 1157 4595 quam
1175 4527 1261 4581 ‚nunc
1285 4506 1406 4572 hahent

158 4619 292 4684 formam
315 4620 498 4705 composuit.
