3392 5300
590 513 632 524 ..
680 464 723 544 33
771 514 812 524 -

166 653 260 737 Quod
288 654 330 724 ad
351 653 489 744 Lycurgi
518 656 650 744 denique
679 658 779 724 vitam
809 655 892 744 (cod.
917 659 998 744 268)
1027 657 1158 742 attinet,
1193 642 1326 724 Photius

61 767 243 833 orationes
267 768 335 834 eius
358 785 426 833 sese
449 764 587 832 nondum
608 763 723 849 legisse
747 767 813 851 ipse
837 766 969 849 ingenue
993 766 1120 849 fatetur,
1150 765 1326 851 quindecim

58 879 186 940 autem
218 895 272 941 eas
300 895 369 942 esse
395 875 430 950 ἐξ
452 873 590 960 ἱστορίας
612 872 739 940 indicat.
788 871 874 951 Quae
897 873 995 940 verba
1017 873 1057 940 A.
1079 874 1221 941 ¹Schoene
1233 877 1257 961 ¹)
1281 877 1328 940 ita

59 986 307 1070 interpretatus
332 987 390 1064 est,
415 986 451 1048 ut
473 1002 637 1048 numerum
661 983 837 1048 orationum
861 1003 900 1048 ex
923 1003 970 1065 eo,
996 1004 1090 1070 quem
1113 981 1328 1050 Pseudo-Plu-

62 1091 209 1158 tarchus
233 1111 355 1178 quoque
379 1091 468 1178 sequi
493 1090 660 1173 videretur,
684 1091 887 1177 biographico
908 1092 1005 1173 fonte,
1029 1091 1150 1178 ἱστορία
1165 1093 1326 1177 inscripto,

65 1223 94 1265 a
122 1199 239 1266 Photio
263 1201 398 1286 petitum
423 1219 490 1266 esse
519 1202 682 1264 statueret.
730 1197 808 1266 Mihi
836 1203 947 1266 centra
974 1199 1168 1285 reliquamm
1192 1200 1328 1266 vitarum

67 1309 342 1396 compositionem
366 1307 578 1375 consideranti
600 1305 707 1373 Photii
730 1306 834 1374 verbis
857 1307 890 1372 id
913 1307 995 1374 effici
1018 1306 1152 1390 ridetur,
1181 1309 1329 1394 quoniam

70 1422 117 1484 ut
133 1417 273 1504 Lycurgi
296 1419 454 1482 orationes
477 1415 655 1502 perlegeret
676 1415 814 1482 nondum
838 1420 1002 1499 evenerat,
1020 1417 1128 1504 itaque
1150 1418 1213 1503 ipsi
1235 1416 1274 1482 de
1291 1418 1329 1483 iis

70 1525 222 1592 iudicare
245 1545 308 1592 non
330 1523 421 1592 licuit
444 1563 486 1574 —
512 1524 551 1590 oh
575 1543 646 1590 eam
661 1526 763 1611 ipsam
780 1545 908 1591 causam
924 1524 1056 1592 Photius
1071 1524 1209 1613 Lycurgi
1230 1526 1330 1590 vitam

73 1638 117 1701 in
145 1633 258 1700 ultimo
281 1633 350 1700 loco
375 1635 516 1720 posuisse
540 1631 665 1698 videtur
689 1672 742 1715 —,
766 1631 901 1699 aliorum
923 1633 1056 1717 iudicia,
1085 1635 1221 1721 quaein
1244 1634 1330 1699 iente

76 1745 152 1809 cius
180 1746 215 1808 ut
243 1743 276 1808 in
304 1741 434 1827 reliquis
462 1742 537 1808 vitis
565 1742 612 1807 ita
639 1742 672 1807 in
695 1740 832 1828 Lycurgi
859 1763 983 1828 quoque
1011 1746 1161 1825 congesta
1189 1743 1330 1809 extitisse

75 1854 220 1918 nonest
243 1871 298 1917 cur
322 1851 475 1937 suspicari
498 1849 686 1932 dubitemus,
711 1870 781 1916 eum
805 1851 971 1937 sprevisse,
996 1871 1013 1916 e
1036 1852 1123 1916 fonte
1146 1871 1212 1934 suo,
1235 1854 1331 1916 etex

77 1960 250 2026 rhetoricis
279 1961 312 2026 et
340 1958 552 2045 biographicis
580 1958 725 2046 partibus
752 1959 941 2046 composito,
973 1959 1012 2025 de
1040 1961 1163 2026 oratore
1186 1957 1331 2044 Lycurgo

79 2089 163 2136 suae
190 2069 289 2155 ipsius
317 2068 404 2134 vitae
431 2070 513 2134 teste
537 2065 652 2134 diserte
661 2067 688 2152 ²)
711 2065 850 2132 indicato
872 2066 952 2134 nihil
975 2065 1063 2132 aliud
1085 2068 1146 2133 nisi
1168 2087 1331 2132 numerum

80 2176 265 2241 orationum
289 2175 493 2260 praemittere
517 2174 596 2240 satis
619 2173 775 2240 hahuisse.
815 2173 886 2240 Hac
909 2173 1117 2261 explicatione
1135 2176 1179 2241 'ne
1194 2174 1332 2261 Lycurgi

81 2282 214 2370 quidem
243 2283 342 2348 vitam
372 2303 392 2346 a
414 2280 511 2348 solita
534 2279 593 2346 illa
616 2279 820 2367 dispositione
845 2281 1012 2348 abhorrere
1037 2282 1185 2364 efficitur,
1215 2283 1271 2349 sed
1294 2304 1333 2349 ea

82 2411 211 2478 quoque
234 2391 268 2456 in
291 2389 369 2458 duas
393 2389 495 2456 divisa
510 2393 560 2456 est
575 2393 692 2476 partes
717 2411 850 2475 quarum
866 2393 969 2477 priore
984 2389 1064 2456 nihil
1079 2392 1139 2457 nisi
1156 2393 1332 2457 orationum

82 2521 235 2566 numerus
268 2497 419 2580 traditur,
456 2497 559 2564 altera
593 2499 661 2565 vita
694 2500 760 2563 496
785 2502 803 2556 b
830 2501 984 2564 41-497
1004 2503 1023 2556 b
1045 2502 1087 2565 23
1122 2501 1331 2581 continuatur,

84 2605 201 2674 deinde
230 2605 268 2673 de
292 2605 414 2673 coronis
439 2626 459 2670 a
481 2603 598 2692 populo
623 2604 747 2673 donatis
771 2608 835 2672 497
859 2609 950 2690 b23,
981 2610 1038 2690 24,
1068 2607 1200 2695 denique
1224 2606 1262 2674 de
1286 2607 1333 2673 fa-

84 2714 180 2781 milia
200 2713 339 2801 Lycurgi
362 2716 537 2801 exponitur.
585 2712 685 2793 Quem
707 2716 735 2781 si
758 2716 828 2801 quis
853 2715 993 2781 ordinem
1016 2714 1333 2783 cumDemosthenis

87 2826 160 2891 vita
181 2823 420 2909 comparaverit,
446 2822 533 2889 nullo
558 2826 652 2910 pacto
669 2822 835 2907 dubitabit,
861 2825 937 2911 quin
953 2865 995 2872 -
1012 2825 1094 2911 quod
1109 2846 1167 2911 per
1181 2846 1215 2891 se
1230 2826 1333 2912 ipsum

87 2937 334 2999 consentaneum
368 2935 417 2999 est
446 2972 488 2981 -
516 2952 596 3017 quae
624 2930 663 2997 de
691 2930 829 3014 familia,
867 2931 904 2999 de
933 2933 1101 3000 honoribus
1127 2933 1334 3001 Demostheni

88 3044 216 3127 eiusque
241 3042 424 3127 propinquis
449 3062 469 3105 a
489 3038 605 3126 populo
621 3037 764 3121 decretis,
789 3038 828 3104 de
844 3042 953 3107 statua
969 3042 1034 3107 eins
1049 3047 1334 3109 commemorantur

88 3151 172 3236 (495
192 3170 207 3205 a
224 3149 350 3234 4-11)
375 3149 429 3235 (ci.
453 3146 582 3214 PsPlut.
603 3150 678 3229 288,
704 3149 875 3233 84-191)
900 3169 971 3214 cum
998 3150 1144 3246 continua
1171 3151 1241 3215 vita
1263 3155 1333 3217 arte

88 3258 291 3327 cohaerentia
314 3255 453 3323 eiusdem
477 3257 542 3325 sint
565 3259 674 3343 partis.

183 3366 249 3432 lam
273 3385 347 3431 vero
370 3362 814 3432 Pseudo-Plutarcheam
844 3366 943 3430 vitam
967 3364 1214 3451 contemplemur
1237 3370 1334 3453 atque

91 3477 140 3541 sic
164 3495 301 3557 agamus,
326 3477 362 3538 ut
385 3474 521 3559 primum
545 3473 642 3538 verba
665 3474 735 3559 ipsa
750 3494 919 3561 eorumque
941 3494 1022 3559 quae
1037 3475 1118 3539 ratio
1135 3494 1205 3540 eum
1219 3473 1334 3541 Photic

92 3585 136 3648 sit
153 3582 364 3668 inspiciamus
390 3580 500 3647 deinde
524 3582 792 3668 compositionem,
817 3582 921 3668 quoad
944 3582 1011 3647 fieri
1027 3583 1137 3669 possit,
1163 3581 1333 3649 eliciamus

93 3690 197 3776 Atque
226 3711 264 3755 ca
291 3688 489 3755 necessitudo
518 3689 698 3772 intercedit,
729 3693 778 3771 ut,
809 3710 1000 3776 quamquam
1028 3691 1060 3755 in
1088 3689 1246 3778 plerisque
1270 3712 1332 3757 non

95 3797 197 3863 solum
221 3797 313 3863 rebus
330 3798 386 3863 sed
402 3800 499 3865 etiam
515 3797 618 3863 verbis
635 3798 791 3863 maximus
807 3800 898 3884 patet
913 3816 1089 3878 consensus,
1114 3801 1222 3862 tamen
1238 3796 1336 3864 aliam

95 3907 192 3971 vitam
220 3926 258 3971 ex
281 3904 347 3970 alia
370 3907 560 3992 exscriptam
584 3926 651 3972 esse
677 3906 728 3970 vix
752 3905 851 3971 statui
875 3906 975 3990 possit
997 3902 1053 3971 sed
1075 3903 1116 3971 ad
1139 3926 1336 3972 communem

171 4141 188 4211 ¹)
207 4160 233 4213 p.
254 4144 316 4209 784,
338 4144 399 4197 787.

169 4231 190 4301 ²)
209 4235 241 4297 ἐξ
258 4236 374 4305 ἱστορίας
391 4236 585 4307 μεμαθήκαμεν
603 4234 656 4287 496
671 4233 685 4272 b
704 4235 749 4299 41,
769 4236 812 4288 cll.
833 4235 885 4289 497
901 4243 914 4271 ⁸
929 4234 946 4289 3
959 4234 1025 4304 4)ςὴ
1038 4234 1140 4304 ἱστορία
1152 4233 1232 4303 λέγει.
1266 4234 1335 4288 ἱστο-

102 4326 149 4392 ρίᾳ
166 4342 227 4381 mcc
246 4326 315 4379 nihil
334 4327 408 4380 aliud
428 4341 508 4395 quam
528 4326 627 4381 fontem
647 4341 664 4378 e
682 4325 778 4379 Photio
798 4327 960 4395 exscriptum
980 4324 1124 4394 significari
1144 4326 1172 4378 in
1187 4328 1334 4393 propatulo

101 4418 150 4468 est.
190 4416 303 4470 Omnino
329 4417 462 4469 assentior
487 4419 514 4469 et
539 4415 657 4470 Zuclrcro
687 4414 724 4484 (p.
750 4414 814 4483 305)
839 4417 952 4472 Schoeni
980 4417 1227 4484 interpretatioriem
1254 4417 1334 4469 Dion.

102 4503 158 4560 Hal.
177 4522 202 4574 p.
223 4505 275 4561 587
296 4509 324 4559 et
343 4505 396 4559 725
409 4507 439 4559 R.
460 4506 567 4559 collatis
586 4505 756 4573 impugnanti
776 4510 804 4561 et
816 4507 929 4561 Martino
944 4507 1118 4560 Ballheimeri
1143 4508 1333 4575 argumentum

103 4596 172 4661 quod
190 4597 316 4651 Photium
335 4612 469 4665 anonymo
490 4598 563 4651 sente
582 4612 662 4651 usum
687 4611 745 4649 esse
768 4597 868 4651 statuit
892 4595 937 4665 (cl,
957 4596 1094 4665 Schaeicr,
1119 4613 1212 4651 comm.
1237 4614 1263 4665 p.
1285 4594 1331 4663 28)

103 4688 198 4758 optimo
217 4687 275 4741 iure
295 4688 433 4745 refutanti.

1104 4794 1121 4849 3
