3392 5300
825 442 1046 506 ..2ss-

316 619 458 703 PhiIisti3
482 621 573 702 XIII,
599 622 652 702 54,
673 627 706 704 ὃς
737 624 790 702 60,
811 630 844 704 5;
870 623 923 703 80,
940 629 973 704 5;
997 621 1083 701 XIV,
1110 624 1198 705 54,e
1221 622 1342 690 Timaei
1365 627 1399 689 et
1422 622 1556 709 Ephori3

315 727 408 809 ΧΙΙΙ,
441 733 519 810 109,
549 735 566 792 2
590 728 709 796 Timaei
739 733 772 796 et
795 733 902 812 τινῶν;
931 728 1008 811 llll,
1038 733 1080 796 89
1105 730 1226 797 Timaei
1253 736 1287 797 et
1309 733 1409 796 ἐνίων.
1447 732 1485 797 ln
1506 735 1558 796 tat

315 839 476 925 tantisque
500 838 719 924 discrepantiis
735 836 965 924 Volquardseni
989 838 1158 925 explicatio
1182 840 1267 904 omni
1291 839 1383 906 modo
1399 839 1559 906 reicienda

315 946 393 1011 mihi
417 946 555 1028 videtum
580 945 678 1012 alium
701 946 885 1014 historicum
909 968 929 1012 a
952 946 1090 1014 Diodoro
1114 947 1291 1019 adhibitum
1315 969 1384 1014 esse
1407 949 1471 1013 iarn
1495 969 1557 1014 non

315 1056 424 1138 negari
459 1059 566 1142 potest
600 1059 696 1142 atque
732 1055 772 1120 ad
801 1054 923 1120 Holmii
952 1057 1163 1122 coniecturam
1191 1054 1282 1121 illam
1311 1056 1557 1122 continuandam

316 1162 468 1230 nonnulla
492 1163 557 1228 alia
579 1183 702 1250 quoque
726 1167 914 1247 argumenta
937 1163 1029 1229 facile
1054 1169 1219 1250 apparent.

407 1270 456 1338 De
474 1271 687 1338 Timoleontis·
702 1272 807 1354 legum
831 1272 959 1338 datione
987 1272 1107 1338 duobus
1134 1271 1213 1339 locis
1242 1273 1417 1339 aDiodoro
1445 1273 1559 1359 exponi

317 1385 412 1468 atque
441 1382 488 1446 ita
515 1384 551 1446 ut
578 1380 642 1446 alio
666 1380 764 1446 aliurn
787 1385 949 1447 auctorem
972 1382 1163 1468 exscriptum
1186 1401 1255 1448 esse
1278 1382 1481 1448 manifestum
1505 1382 1558 1461 sit,

316 1487 480 1554 Holrnium
503 1509 626 1576 quoque
650 1489 766 1572 fugisse
790 1489 923 1556 videtur.
971 1489 1053 1557 Sunt
1076 1492 1158 1555 enirn
1182 1489 1299 1555 hiduo
1323 1489 1399 1555 loci:

406 1617 432 1664 c.
446 1599 540 1678 ,70‚5
563 1595 664 1672 εὐθὺς
686 1597 721 1662 δὲ
743 1597 797 1660 καί
819 1609 1036 1682 νομογραφείν
1058 1597 1174 1684 ἤρξατο
1198 1599 1300 1672 τιθεὶς
1314 1598 1560 1684 δημοκρατικοὺς

316 1702 431 1788 νόμους
464 1705 517 1770 καί
552 1707 591 1770 τοὶ
626 1706 701 1792 περὶ
730 1710 792 1772 τῶν
818 1707 982 1772 ἰδιωτικῶν
1009 1707 1212 1789 συμβολαίων
1238 1707 1347 1771 δίκαια
1373 1707 1428 1770 καλ
1455 1705 1559 1770 τᾶλλα

315 1813 450 1900 ἀκριβῶς
472 1813 596 1890 διέταξε
618 1814 684 1878 κτλ.

406 1942 431 1988 c.
458 1923 510 2004 82,
536 1928 567 1986 6:
603 1919 705 1997 εὐθὺς
738 1922 773 1986 δὲ
800 1921 854 1986 καί
881 1923 953 1998 τοιίς
980 1919 1252 2008 προῦποὶρχοντας
1285 1921 1399 2007 νόμους
1426 1924 1462 1988 δν
1491 1933 1561 1997 ταίς

191 2020 193 2026 ’
315 2029 530 2116 Συρακούσαις
557 2027 611 2104 οὓς
633 2034 835 2116 συνέγραψεν
857 2029 993 2115 Διοκλῆς
1014 2028 1188 2116 διιίρθωσε.
1234 2031 1288 2096 καί
1311 2032 1383 2106 τοὺς
1404 2032 1464 2115 μὲν
1486 2031 1562 2116 περί

318 2140 379 2202 τῶν
406 2138 571 2204 ἰδιωτικῶν
598 2139 800 2221 συμβολαίων
821 2135 841 2222 ἢ
865 2138 1079 2224 κληρονομιῶν
1105 2141 1212 2202 εἴασεν
1233 2140 1465 2222 ἀμεταθέτους,
1489 2139 1561 2214 τούς

316 2245 350 2309 ee
379 2245 454 2332 περὶ
478 2249 539 2310 τῶν
562 2246 718 2331 δημοσίων
745 2250 1056 2331 νινομοθιτημδνους
1083 2247 1165 2334 πρὸς
1192 2248 1248 2332 τὴν
1274 2248 1361 2312 ἰδίαν
1384 2247 1562 2313 ὑπόστασιν

316 2349 357 2428 ὥς
380 2357 454 2417 ποτ’
478 2350 577 2418 ἐδόκει
601 2359 772 2440 συμφέρειν
795 2352 989 2440 διώρδωσυν.
1024 2352 1193 2440 ἐπιστάτης
1212 2355 1243 2419 δ’
1259 2353 1298 2441 ἢν
1313 2355 1368 2419 καί
1382 2356 1562 2441 διορθωτὴς

181 2485 193 2495 ‘
318 2464 370 2548 τῆς
393 2468 587 2545 νομοθεσίας
609 2465 758 2548 Κέφαλος
780 2463 797 2528 ὃ
821 2467 1003 2549 Κορίνθιος.

408 2571 649 2659 Discrepantiae
673 2574 752 2638 satis
776 2573 959 2660 perspicuae
982 2578 1071 2638 sunt:
1108 2573 1172 2640 alio
1196 2573 1264 2640 loco
1281 2573 1443 2640 Timoleon
1467 2596 1562 2656 νομο-

308 2666 416 2766 ιτίθης
439 2681 502 2747 alio
526 2683 703 2767 διορθωτὴς
727 2686 792 2764 est3
817 2682 901 2748 idern
924 2684 980 2769 qui
1002 2704 1029 2749 c.
1055 2685 1143 2765 ico
1167 2685 1326 2769 privatum
1350 2684 1398 2750 ius
1414 2686 1562 2750 accurate

317 2788 519 2875 descripsisse
543 2789 657 2856 dicitur
679 2811 704 2856 c.
724 2793 776 2871 82,
794 2798 821 2872 6,
847 2791 931 2877 quod
953 2791 995 2857 ad
1017 2792 1051 2857 id
1071 2793 1223 2878 temporis
1238 2792 1404 2877 Syracusis
1420 2792 1561 2875 vigebat,

316 2899 471 2963 intactum
494 2899 713 2984 integrumque
736 2898 875 2985 reliquit,
901 2898 1062 2985 publicum
1085 2902 1134 2966 ius
1157 2921 1226 2967 cum
1249 2898 1389 2987 Cephalo
1413 2901 1560 2966 correxit.

316 3004 383 3071 Aut
412 3007 509 3089 igitur
532 3006 662 3073 Diodori
690 3029 769 3073 unns
793 3011 903 3074 auctor
925 3007 963 3074 de
987 3008 1097 3074 eadem
1121 3030 1154 3074 re
1178 3009 1301 3075 diverso
1325 3008 1417 3074 modo
1441 3008 1563 3074 duobus

316 3114 394 3180 locis
419 3116 563 3201 exposuit
586 3120 641 3181 aut
664 3115 728 3181 alio
749 3115 817 3183 loco
834 3115 932 3182 aliurn
948 3116 1094 3183 adhibuit
1109 3123 1268 3183 auctorem
1285 3116 1451 3198 Diodorus,
1476 3117 1563 3203 quod

307 3223 400 3320 ,¹¹³th
426 3224 552 3309 quidem
580 3245 635 3311 pro
660 3212 864 3309 certo‘est¹).
913 3225 983 3291 Duo
1008 3227 1110 3292 fontes
1134 3228 1277 3291 extitisse
1301 3226 1378 3291 mihi
1403 3225 1561 3308 videntur,

318 3352 450 3417 quornm
462 3331 546 3399 alter
558 3332 764 3399 Timoleontis
776 3332 883 3416 legum
905 3334 1065 3400 dationem
1089 3336 1170 3401 arcis
1193 3335 1389 3420 occupationi
1413 3335 1562 3400 continuo

318 3442 460 3521 annexit,
491 3442 575 3508 alter
596 3464 659 3508 una
683 3463 752 3509 eum
776 3441 907 3528 reliquis
931 3441 1137 3509 Timoleontis
1161 3443 1300 3509 consiliis
1324 3443 1562 3527 rationibusque

317 3548 357 3614 ad
386 3548 513 3615 Siciliae
538 3571 613 3637 opes
636 3550 847 3618 restituendas
872 3552 1101 3638 pertinentibus
1125 3552 1306 3638 explicavit,
1331 3552 1381 3616 cui
1395 3550 1562 3617 Plutarchi

317 3657 430 3723 relatio
455 3662 494 3745 (c.
515 3662 608 3745 210²)
633 3659 798 3726 slmillima
820 3664 879 3740 est,
905 3662 957 3747 qui
982 3682 1174 3747 quamquain
1190 3666 1264 3726 ante
1281 3682 1419 3746 pugnam
1435 3660 1476 3724 ad
1492 3650 1562 3724 Cri-

317 3766 432 3832 rnisum
461 3769 661 3835 commissam
690 3769 728 3834 de
752 3767 959 3835 Timoleontis
987 3790 1061 3834 cura
1088 3767 1212 3852 legibus
1234 3768 1442 3854 Syracusanis
1465 3768 1562 3833 corri-

277 3956 279 3960 Υ
317 3874 426 3958 gendis
454 3876 597 3962 impensa
624 3878 721 3943 refert
753 3881 861 3944 tamen
890 3878 920 3942 in
950 3896 987 3942 eo
1015 3897 1086 3943 cum
1108 3876 1247 3943 Diodoro
1276 3877 1447 3957 consentit,
1476 3875 1562 3961 quod

394 4200 413 4269 ¹)
433 4204 542 4258 Diodori
572 4207 676 4259 lentati
705 4206 815 4259 eandem
845 4222 901 4258 rem
929 4206 971 4258 bis
1000 4207 1232 4257 commemoratam
1262 4205 1396 4271 imputare
1424 4219 1493 4271 quae
1526 4203 1560 4256 de-

319 4294 543 4363 Amphr'polornm
570 4314 678 4352 munere
703 4300 731 4350 in
756 4314 778 4350 c.
804 4298 839 4351 70
866 4299 994 4364 leguntur
1018 4296 1125 4347 omnino
1152 4296 1252 4348 vetant.
1291 4294 1416 4347 Extrema
1439 4294 1560 4346 eiusdem

319 4387 415 4453 capitis
441 4387 521 4441 verba
545 4404 559 4440 e
579 4389 661 4443 Siculi
686 4388 795 4456 ingenio
820 4388 928 4441 fluxisse
954 4402 1007 4438 non
1032 4386 1121 4438 minus
1146 4389 1253 4439 constat
1271 4401 1353 4453 qnam
1373 4385 1406 4438 de
1425 4385 1560 4451 Agyrrhio

319 4476 417 4544 oppido
437 4480 479 4529 ter
496 4494 512 4529 a
531 4478 647 4531 Diodoro
669 4479 779 4531 laudato
799 4476 855 4544 (82,
875 4480 902 4541 4,
922 4480 953 4540 ὃς
974 4476 1016 4534 83,
1037 4476 1072 4540 3).

392 4563 414 4633 ²)
433 4569 475 4621 καί
494 4568 547 4631 τοῖς
569 4569 673 4638 ἥκουσιν
686 4572 715 4622 ἐκ
729 4566 862 4639 Κομίνδοο
876 4570 1032 4638 νομοθέταις
1046 4565 1165 4645 Κεφάληι
1177 4567 1219 4619 καί
1232 4566 1356 4643 Διονυσίῳ
1368 4566 1401 4619 τὰ
1413 4566 1562 4640 κυριώτατα

318 4658 360 4715 nol
378 4658 501 4717 κάλλιστα
518 4660 706 4733 συνδιαθήσων,
