3392 5300
751 393 972 466 ..40-

243 581 361 649 viribus
396 581 627 648 illustrandam.
687 579 766 647 Post
800 579 1073 647 Westermannum
1084 582 1108 667 ¹)
1143 579 1328 667 Boesiger2)
1364 578 1486 666 primus

243 693 394 757 maiorem
418 712 524 758 curam
547 691 577 756 ei
600 689 765 777 impendit,
790 690 855 777 qui,
879 709 1072 776 quamquam
1095 689 1262 776 plerasque
1281 709 1390 755 earum
1405 709 1486 774 quas

243 801 349 887 posuit
371 800 546 866 sententias
569 799 698 864 minime
721 797 800 864 mihi
823 797 981 884 probavit,
1005 801 1124 881 tamem
1148 797 1232 886 quod
1252 798 1429 885 quaestioni
1444 796 1487 862 do

243 910 310 974 vita
337 907 396 973 illa
425 909 552 994 eiusque
581 906 720 974 lontibus
748 927 805 993 pro
834 927 890 972 suo
918 905 1032 974 iudicio
1059 906 1164 974 lucem
1196 906 1337 993 aliquam
1372 904 1488 972 afferre

239 1017 374 1098 studuit,
399 1036 462 1084 non
485 1017 552 1082 sine
575 1015 669 1082 laude
692 1014 902 1082 nominandus
925 1017 984 1082 ost.
1025 1013 1130 1082 Meam
1153 1015 1218 1082 iam
1241 1015 1488 1102 perscripseram

245 1126 498 1194 dissertationem
522 1145 593 1192 cum
616 1125 694 1190 mihi
717 1123 851 1208 contigit
872 1129 910 1190 ut
924 1121 1009 1189 Prid.
1027 1122 1188 1190 Gebhardi
1204 1123 1450 1210 disputationem
1457 1125 1488 1209 ⁸)

244 1235 402 1321 superiore
419 1254 510 1316 anno,
536 1234 721 1320 inspicerem
742 1231 862 1299 editam
882 1252 963 1319 quae
988 1253 1026 1298 en
1050 1231 1247 1318 amplissimo
1262 1231 1489 1298 Demosthenis

244 1341 472 1428 Aeschinisque
496 1342 672 1408 orationum
701 1346 735 1407 et
757 1338 1020 1407 Plutarchearum
1049 1341 1186 1408 vitarum
1213 1339 1318 1407 studio
1346 1340 1491 1426 proiecta

245 1454 278 1517 et
301 1449 486 1537 plerumque
510 1470 579 1516 cum
604 1449 707 1545 sobrio
730 1449 844 1516 iudicio
868 1450 1057 1536 composita,
1086 1470 1279 1537 quamquam
1301 1469 1364 1516 non
1386 1467 1491 1535 pauca

245 1579 328 1625 nova
351 1579 401 1624 me
425 1557 541 1640 docuit,
566 1562 674 1624 tamen
697 1563 733 1624 ut
757 1579 776 1623 a
799 1559 958 1625 sententia
980 1577 1053 1624 mea
1075 1559 1173 1624 etiam
1189 1561 1286 1644 atque
1302 1559 1401 1624 etiam
1416 1577 1491 1624 con-

245 1665 385 1734 siderata
413 1668 446 1732 in
474 1667 653 1733 universum
682 1665 889 1748 discederem,
918 1686 981 1733 non
1009 1687 1060 1732 me
1088 1665 1229 1732 adduxit.
1279 1663 1348 1744 Qua
1374 1667 1408 1732 in
1435 1686 1491 1731 ex·

246 1775 394 1863 plicando
421 1795 516 1856 nunc,
546 1795 627 1861 quae
656 1794 673 1840 e
702 1774 805 1842 verbis
830 1773 995 1842 Plutarchi
1024 1776 1100 1862 ipsis
1128 1774 1169 1840 ad
1197 1775 1300 1840 fontes
1328 1773 1492 1840 adhibitos

247 1883 449 1950 excutiendos
472 1883 573 1969 repeti
597 1885 729 1970 possint,
754 1882 927 1970 disquirere
950 1885 983 1950 in
1006 1884 1112 1950 animo
1135 1882 1213 1948 mihi
1237 1886 1296 1965 est,
1326 1887 1422 1968 atque
1444 1883 1492 1948 sio

248 2013 378 2076 agamus
401 1995 438 2056 ut
460 1990 585 2075 singula
602 1991 749 2079 deinceps
765 1993 873 2079 capita
888 2013 983 2079 quam
1000 1992 1234 2058 acccuratissime
1251 1989 1489 2078 perlustramus.

246 2099 295 2166 De
320 2098 461 2166 fontibus
483 2100 561 2186 ipsis
584 2100 667 2166 infra
689 2099 930 2187 disputabimus.
1101 2096 1104 2102 ’

337 2205 526 2274 Plutarchus
550 2229 576 2274 c.
594 2211 615 2274 4
639 2208 677 2274 dc
701 2208 896 2295 parentibus,
919 2212 1061 2275 tutorum
1083 2208 1217 2295 perfidia
1239 2207 1493 2292 cognominibus·

247 2337 306 2404 que
336 2315 543 2383 Demostheni
571 2316 706 2384 ludibrio
735 2316 844 2385 inditis
872 2319 1016 2405 exponit,
1052 2338 1078 2384 c.
1109 2318 1129 2382 5
1158 2315 1301 2383 fabulam
1328 2314 1420 2382 illam
1451 2314 1492 2382 de

248 2423 382 2511 Oropica
410 2444 504 2491 causa
532 2427 641 2490 narrat
668 2428 701 2490 et
728 2424 767 2491 de
796 2425 1052 2512 praeceptoribus
1080 2426 1214 2492 oratoris
1250 2445 1288 2490 er
1316 2422 1493 2510 Hermippo

249 2533 328 2599 duas
357 2531 449 2598 affert
476 2531 655 2599 relationes.
704 2531 763 2612 Qui
790 2533 869 2601 haec
897 2533 958 2600 duo
986 2535 1094 2620 capita
1120 2531 1216 2619 paulo
1245 2533 1398 2600 intentius
1421 2552 1495 2619 per·

249 2640 373 2725 legerit,
391 2641 458 2707 fieri
474 2662 536 2707 non
552 2642 670 2729 poterit
684 2643 760 2728 quin
776 2643 809 2709 in
821 2639 987 2709 Plutarchi
1002 2641 1107 2709 verbis
1123 2641 1326 2711 vehementer
1341 2639 1492 2708 offendat.

249 2749 339 2815 Idem
362 2750 446 2814 enim
469 2748 713 2833 Demosthenes,
743 2752 796 2838 qui
820 2751 1043 2834 magistrorum
1066 2750 1262 2817 mercedibus
1289 2772 1309 2817 a
1335 2748 1495 2816 tutoribus

251 2857 406 2923 fraudatis
429 2858 484 2921 διὰ
508 2859 545 2944 δὴ
567 2862 659 2924 τοῦτο
682 2864 743 2924 τῶν
758 2860 901 2943 ἐμμελῶν
915 2860 970 2924 καὶ
985 2860 1207 2946 προςηιιόντων
1222 2859 1382 2945 ἐλευθέρῳ
1398 2858 1496 2923 παιδὶ

249 2964 454 3049 μαθημάτων
469 2964 663 3041 ἀπαίδευτος
677 2966 765 3031 δοκεῖ
776 2971 944 3046 γενέσθαι,
958 2968 992 3058 in
1007 2986 1033 3034 c.
1049 2968 1068 3031 5
1087 2969 1259 3054 postquam
1272 2964 1495 3033 Callistratum

254 3073 373 3158 optimo
398 3093 469 3139 cum
492 3079 606 3141 eventu
629 3095 812 3162 summaque
836 3076 951 3143 civium
973 3075 1180 3143 admiratione
1196 3074 1378 3161 loquentem
1394 3073 1497 3140 audiit

252 3180 349 3255 ἐάσας
374 3182 412 3245 τὰ
436 3183 536 3246 λοιπὰ
559 3178 742 3269 μαθήματα
763 3183 817 3246 καὶ
840 3184 897 3257 τὰς
920 3184 1074 3258 παιδικὰς
1096 3183 1262 3270 διατριβὰς
1282 3183 1379 3257 αὐτὸς
1393 3182 1496 3247 αὑτὸν

254 3288 339 3373 ἤσκει
355 3290 420 3353 κτλ.
461 3288 521 3367 Qui
536 3290 596 3357 duo
612 3290 683 3372 loci,
708 3291 784 3357 siin
801 3311 826 3357 c.
845 3293 866 3355 4
891 3293 930 3380 ιὰ
952 3290 1133 3377 μαθήματα
1157 3292 1264 3357 omnia
1285 3292 1496 3358 institutionis

252 3416 368 3479 genera
396 3395 637 3481 intelleguntur,
667 3399 713 3463 ita
742 3400 918 3485 comparati
946 3403 1033 3481 sunt,
1062 3403 1100 3465 ut
1121 3398 1163 3465 ad
1186 3398 1319 3465 eandem
1342 3400 1495 3483 originem

252 3504 353 3570 redire
376 3511 543 3592 nequeant.
583 3506 755 3589 Dissensio,
780 3528 861 3593 quae
884 3509 938 3572 vix
961 3510 1070 3591 negari
1092 3512 1208 3594 potest,
1232 3509 1281 3573 ita
1300 3507 1496 3594 expedienda

252 3612 331 3678 mihi
355 3612 493 3695 videtur,
522 3616 559 3679 nt
581 3611 769 3679 Plutarchus
794 3616 825 3680 in
849 3615 937 3681 fonte
959 3636 1030 3697 suo,
1055 3637 1148 3702 quem
1172 3615 1212 3683 ab
1235 3616 1326 3682 initio
1350 3636 1375 3682 c.
1402 3619 1423 3681 4
1446 3636 1495 3683 se·

253 3724 343 3785 cutus
360 3725 418 3803 est,
436 3720 516 3786 nihil
532 3720 619 3787 aliud
634 3722 790 3789 invenisse
807 3724 1005 3789 existimetur
1020 3724 1081 3790 nisi
1093 3723 1340 3790 Demosthenem
1357 3724 1494 3811 corporis

252 3827 474 3895 imbecillitate
498 3833 663 3916 gymnasia
691 3831 916 3918 hequcntitare
945 3831 1137 3919 prohibitum
1165 3832 1279 3898 ceteris
1305 3830 1495 3918 μαθήμασιν

253 3939 379 4002 strenue
403 3936 544 4003 deditum
568 3938 673 4021 fuisse,
699 3937 879 4006 Callistrati
894 3943 1001 4005 autem
1016 3940 1160 4027 exemplo
1176 3940 1375 4027 eloquentiae
1390 3940 1496 4007 studio

254 4043 484 4111 inflammatum
512 4045 642 4133 reliquis
671 4046 845 4135 disciplinis
873 4051 915 4136 (c.
947 4050 965 4113 5
995 4047 1132 4124 ἀκούσας
1160 4047 1219 4113 οὖν
1246 4049 1497 4135 ὁΔημοσθένης

329 4243 348 4312 ¹)
368 4262 413 4316 qu.
435 4249 476 4313 D,
494 4248 541 4315 IV,
561 4248 676 4303 49-56.

327 4332 349 4403 ¹)
369 4340 407 4391 De
426 4338 527 4392 Doride
546 4338 634 4393 Samio
653 4338 762 4393 Diodori
782 4339 867 4393 Siculi
892 4342 920 4393 et
943 4340 1084 4394 Plutarchi
1107 4343 1224 4394 auctore.
1263 4341 1376 4395 Dissert.
1404 4342 1497 4411 inaug.

255 4427 376 4496 Gotting.
398 4427 475 4481 1874.
514 4446 539 4497 p.
561 4427 676 4483 35-49.

330 4514 352 4584 ³)
370 4519 410 4571 De
423 4518 564 4573 Plutarchi
582 4520 609 4573 in
623 4521 812 4575 Demosthenis
831 4521 888 4575 vita
906 4522 1028 4577 fontibus
1040 4536 1073 4576 ac
1084 4520 1145 4581 fide·
1178 4522 1350 4597 Programma
1362 4520 1499 4591 gymnasii

257 4607 413 4672 Guilelmini
433 4612 605 4673 Monacensis.
645 4612 776 4693 Monachii
801 4610 877 4675 1880,
