3392 5300
857 453 1078 520 „13-

347 631 385 698 de
408 631 547 699 fontibus
567 631 698 699 Diodori
721 637 840 699 certam
863 635 1022 721 quandam
1045 635 1236 702 senteutiam
1259 655 1322 702 nou
1345 635 1502 722 professus
1526 639 1586 716 ost,

346 745 453 807 tamen
477 747 617 808 extremo
641 742 792 808 hocloco
815 763 1062 810 commemorare
1085 764 1147 809 non
1170 745 1293 825 omitto,
1318 743 1488 830 quodiam
1512 747 1587 809 ante

345 848 498 916 Packium
526 849 645 916 Haalrii
679 851 841 917 levissima
875 853 1052 919 coniectura
1086 853 1225 918 refutata
1258 854 1291 917 in
1319 851 1450 917 Diodori
1485 873 1511 917 c.
1543 854 1587 916 04

345 956 528 1045 Ι)0111ορ11111
551 960 686 1043 vestigia
709 961 874 1042 agnovisse
897 960 958 1026 sibi
981 961 1066 1026 visus
1089 967 1148 1026 est.
1196 959 1265 1026 Has
1287 959 1385 1042 igitur
1411 961 1587 1025 sententias

299 1058 302 1064 ’
345 1066 485 1148 singulas
501 1068 657 1152 inquirere
673 1088 753 1133 nunc
776 1068 855 1133 mihi
878 1069 1073 1154 propositum
1098 1074 1148 1134 est
1170 1074 1266 1154 atque
1288 1067 1413 1134 silicet
1440 1090 1461 1133 a
1475 1065 1587 1133 Packii

346 1173 566 1241 dissertatione
589 1196 651 1241 non
675 1175 742 1242 siue
766 1177 909 1242 acumine
931 1177 1050 1263 scripta
1072 1176 1239 1242 ordiamur.

435 1282 483 1348 De
500 1282 690 1369 Demophilo
708 1283 864 1350 Diodorus
887 1285 920 1349 in
943 1305 968 1351 c.
989 1287 1075 1366 14,3
1098 1305 1116 1350 0
1140 1286 1226 1350 fonte
1249 1283 1317 1365 illo,
1342 1285 1391 1350 cui
1405 1304 1469 1350 non
1483 1284 1586 1350 solum

345 1390 529 1457 archontum
554 1391 835 1477 Olympionicarum
856 1413 966 1475 regum
981 1393 1109 1459 nomina
1123 1398 1158 1458 et
1172 1391 1275 1457 multa
1289 1413 1385 1479 quam
1402 1391 1586 1458 brevissime

345 1499 532 1564 adumbrata
555 1500 639 1566 iacta
663 1499 718 1565 sed
743 1501 839 1566 etiam
864 1501 969 1566 omnia
992 1500 1031 1566 de
1053 1500 1230 1566 illustribus
1247 1501 1326 1566 viris
1341 1521 1362 1564 a
1376 1499 1515 1566 Diodoro
1531 1500 1586 1564 ad-

345 1610 454 1672 notata
471 1607 577 1674 debari
593 1605 830 1694 Volquardseno
841 1609 865 1693 ¹)
880 1612 1010 1673 auctore
1025 1607 1279 1693 sornamannor)
1303 1606 1503 1694 exploratum
1524 1613 1584 1690 est,

344 1714 495 1780 nonnulla
506 1735 587 1802 quae
599 1717 738 1781 maxima
750 1737 824 1783 cura
835 1717 1045 1803 respiciantur
1056 1715 1152 1800 dignu
1162 1716 1252 1782 uobis
1263 1715 1397 1782 tradidit
1412 1736 1493 1802 quae
1508 1716 1584 1802 quin

344 1821 384 1886 ad
408 1828 567 1890 auctorem
588 1823 754 1910 quendam,
779 1826 832 1910 qui
849 1845 956 1890 eorum
973 1824 1011 1890 de
1028 1824 1140 1910 quibus
1156 1823 1268 1889 attulit
1282 1825 1470 1910 scriptorum
1486 1823 1583 1889 libros

344 1929 597 2017 πινακογράφων
608 1932 700 1998 modo
713 1933 780 2018 ipse
792 1933 939 2018 inspexit,
953 1931 1116 1998 referenda
1127 1933 1192 1998 sint
1203 1931 1342 1996 dubitari
1352 1933 1462 2017 nequit
1469 1933 1506 2016 ³).
1524 1931 1583 1996 Aa

343 2058 402 2122 que
427 2040 563 2124 primum
587 2016 712 2125 quidem
733 2039 925 2126 Demophilo
948 2045 1074 2107 auctore
1095 2038 1284 2125 Delphicum
1306 2037 1462 2125 templum
1486 2061 1514 2104 a.
1532 2038 1579 2104 01.

345 2146 418 2226 105,
432 2153 450 2208 4
463 2168 482 2211 a
493 2143 671 2213 Philomelo
684 2153 870 2234 occupatum
882 2152 916 2213 et
927 2147 1099 2234 spoliatum
1111 2167 1189 2227 esse,
1203 2146 1315 2212 deiude
1328 2146 1448 2212 bellum
1460 2167 1581 2213 sacrum

342 2275 439 2338 usque
453 2254 493 2320 ad
505 2256 667 2321 interitum
680 2254 903 2340 sacrilegorum
916 2277 972 2342 per
982 2255 1127 2322 undecim
1139 2275 1236 2320 annos
1253 2255 1441 2340 pertinuisse
1457 2253 1581 2320 disertis

342 2360 496 2426 docemur.
533 2361 632 2440 Quem
644 2363 836 2447 singularem
852 2384 1015 2429 numerum
1031 2385 1051 2428 a
1065 2362 1256 2448 reliquorum
1272 2363 1463 2428 testimoniis
1479 2363 1580 2428 verbis

343 2468 435 2535 valde
459 2469 597 2540 alionum
620 2492 671 2536 vv.
697 2470 748 2536 dd.
767 2473 853 2536 varia
869 2470 1116 2557 explicaverunt,
1141 2468 1197 2535 sed
1212 2490 1312 2556 neque
1328 2468 1368 2534 A.
1385 2469 1547 2535 Schaoferi
1554 2472 1579 2554 ⁴)

342 2597 440 2663 neque
456 2575 568 2643 Packii
591 2578 817 2665 explicationes
840 2578 941 2644 ullam
964 2577 1199 2666 probabilitatis
1220 2579 1356 2665 speciem
1372 2578 1489 2644 habere
1504 2579 1578 2644 mihi

342 2686 495 2751 videntur.
555 2685 660 2752 Verba
694 2690 777 2753 enim
813 2686 943 2754 Diodori
978 2686 1076 2752 aliam
1110 2688 1404 2773 interpretationem
1443 2692 1578 2753 statuere

341 2794 465 2859 omnino
490 2815 545 2859 nos
570 2800 690 2877 vetant,
715 2817 809 2882 quam
827 2816 855 2860 a.
874 2794 922 2861 Ol.
942 2796 1017 2875 105,
1030 2802 1049 2857 4
1063 2793 1253 2881 Delphicum
1268 2794 1422 2881 templum
1440 2816 1459 2860 a
1474 2794 1578 2860 Philo

341 2900 423 2966 melo
441 2906 627 2987 occupatum
643 2924 721 2985 esse,
746 2902 830 2989 quod
845 2904 984 2968 omnium
1000 2902 1151 2967 eiusmodi
1175 2904 1369 2984 notitiarum,
1394 2923 1475 2988 quae
1498 2903 1579 2989 apud

340 3008 512 3075 Diodorum
537 3015 656 3093 extant,
682 3012 846 3078 simillima
866 3013 968 3077 forma
988 3012 1186 3097 apertissime
1203 3011 1344 3097 docet⁸):
1373 3010 1578 3098 Demophilus

339 3117 424 3183 haud
444 3118 536 3185 dubio
559 3120 678 3186 bellum
695 3142 751 3207 per
766 3120 910 3186 undecim
926 3118 1143 3205 olympiadum
1159 3140 1257 3185 annos
1273 3120 1415 3185 narravit
1430 3120 1576 3194 35716-

341 3227 453 3303 34716.
494 3227 603 3294 Aliam
626 3229 781 3294 rationem
797 3225 954 3293 Diodorus
977 3228 1045 3313 ipse
1069 3227 1219 3311 sequitur,
1244 3228 1298 3312 qui
1321 3228 1354 3291 in
1377 3228 1508 3308 0.59,1
1534 3229 1577 3313 (.

340 3333 388 3399 Ol.
416 3338 490 3415 108,
505 3337 536 3421 3)
561 3336 679 3402 bellum
704 3335 824 3401 decimo
851 3355 932 3401 auno
957 3334 1079 3400 finitum
1102 3355 1171 3400 esse
1198 3338 1348 3415 testatur,
1377 3334 1475 3399 aliam
1498 3332 1579 3399 Pau-

339 3444 444 3508 sanias
466 3442 511 3525 X,
538 3446 572 3524 2,
599 3447 634 3524 3,
659 3444 713 3529 qui
736 3444 857 3510 decimo
880 3449 953 3529 post
975 3442 1089 3529 templi
1112 3444 1362 3530 occupationem,
1390 3464 1485 3529 quam
1509 3463 1580 3508 cum

339 3550 529 3637 Demophilo
545 3574 574 3617 a.
593 3552 695 3629 aaut
712 3553 833 3633 tribuit,
851 3574 932 3618 anno
949 3551 1122 3637 Theophilo
1140 3552 1288 3617 archonte
1305 3553 1396 3637 (108,
1413 3553 1443 3635 1)
1459 3549 1580 3615 bellum

338 3661 546 3745 compositum
570 3681 637 3725 esse
662 3659 776 3725 diserte
800 3659 928 3725 indicat.
969 3659 1091 3727 Deinde
1115 3660 1281 3725 artificium
1299 3658 1388 3741 illud,
1413 3678 1474 3744 quo
1490 3656 1580 3723 Pack

338 3786 354 3829 0
379 3763 510 3831 Diodori
533 3767 636 3832 verbis
661 3768 711 3853 (o.
727 3770 771 3832 64
795 3769 847 3853 ex)
871 3768 1015 3834 undecim
1038 3768 1112 3834 illos
1135 3788 1233 3833 annos
1257 3765 1420 3832 enucleare
1448 3771 1580 3831 conatus

337 3876 395 3953 est,
421 3875 505 3938 omui
529 3874 755 3960 probabilitate
777 3879 872 3941 caret.
913 3874 989 3953 Quis
1009 3877 1093 3941 enim
1109 3896 1126 3940 e
1143 3874 1248 3941 verbis
1263 3894 1358 3960 supra
1373 3874 1438 3938 iam
1454 3874 1577 3939 citatis:

336 3979 423 4065 ἡμεῖς
450 3981 485 4044 dd
512 3981 689 4066 ἀρκούντως
716 3979 946 4068 διαληλυθότες
974 3984 1029 4047 τὸν
1055 3982 1140 4070 ἱερὸν
1163 3978 1305 4065 πόλεμον
1327 3982 1383 4045 κτλ
1406 4002 1423 4045 0
1447 3978 1580 4045 Diodori

335 4136 551 4145 *ῃ-

410 4216 430 4283 ¹)
450 4236 475 4286 p.
497 4218 594 4273 5-13.

408 4306 430 4372 ¹)
449 4312 468 4362 l.
490 4312 508 4363 1.
529 4327 554 4377 p.
575 4309 617 4363 28.
1309 4365 1311 4368 .

407 4396 429 4463 ⁸)
449 4399 635 4469 Vclquardsen
661 4416 734 4465 eam,
759 4388 841 4469 quam
866 4400 898 4453 de
918 4400 1083 4467 Apollodoro
1108 4399 1228 4452 chronici
1253 4398 1329 4450 illius
1353 4399 1483 4465 scriptore
1511 4399 1577 4451 olim

334 4491 484 4557 protulerat
502 4490 664 4543 sententiam
678 4491 778 4543 Dielsio
799 4490 860 4552 (Rh.
875 4491 941 4542 llus.
954 4490 1044 4542 XXXI
1063 4506 1089 4557 p.
1109 4486 1156 4554 31)
1174 4492 1202 4541 et
1214 4488 1401 4542 Burnemauno
1416 4488 1575 4542 auctoribus

333 4582 389 4648 ipse
409 4579 508 4633 abiecit
527 4578 660 4645 (labresb.
679 4580 744 4633 XIX
763 4596 790 4647 p.
811 4578 861 4631 121
883 4577 944 4647 en).

404 4667 426 4735 ⁴)
446 4672 458 4723 l
477 4688 502 4739 p.
524 4671 585 4725 451.

404 4759 644 4831 ⁵)v01quarusen,
665 4760 825 4816 Untersuch.
846 4776 872 4829 p.
892 4760 919 4813 8.
