3392 5300
894 424 1094 491 ..4-

374 607 659 695 Amphictyonibus
687 608 874 691 gravissime
901 605 1048 672 multatis
1074 605 1109 672 in
1136 626 1205 693 cap.
1238 605 1297 688 23,
1318 611 1414 683 2—33
1450 606 1510 686 29,
1534 609 1624 666 2-4

374 716 547 782 Diodorum
570 715 709 783 diversos
733 717 821 802 sequi
845 719 998 796 auctores,
1022 713 1210 797 singillatim
1226 714 1521 781 demonstrarenon
1539 731 1623 796 opus

373 829 432 906 est,
456 824 512 890 sed
534 845 616 891 nunc
639 845 665 891 c.
683 825 815 890 23-27
840 844 897 910 per
918 842 952 889 se
976 821 1160 905 diligentius
1182 820 1392 908 perquirenda
1407 841 1445 887 ac
1459 820 1622 907 pervesti-

373 933 477 1016 ganda
500 937 583 998 sunt.

463 1040 569 1127 Atque
593 1041 696 1128 prima
718 1039 816 1106 verba
842 1060 938 1126 quam
963 1029 1102 1104 maxime
1125 1037 1290 1105 offendunt
1311 1057 1337 1104 c.
1363 1039 1418 1120 23,
1437 1045 1467 1100 1:
1495 1035 1558 1100 ἐπὶ
1587 1036 1622 1098 δὲ

374 1149 494 1213 τούτων
517 1148 573 1235 (01.
600 1151 675 1232 106,
688 1149 720 1234 2)
741 1146 759 1212 ὁ
781 1147 912 1232 κληθεὶς
926 1145 1008 1232 ἱερὸς
1023 1142 1161 1229 πόλὲμσς
1176 1151 1307 1232 συνέστη
1321 1145 1376 1210 καὶ
1389 1145 1550 1228 διέμεινεν
1566 1142 1621 1227 ἔτη

372 1255 482 1332 ἐννέα,
508 1277 589 1342 quae
618 1257 677 1322 viri
705 1255 790 1322 docti
817 1256 905 1321 vario
932 1253 1024 1320 modo
1047 1253 1206 1341 explicare
1228 1254 1424 1320 stndnenmt.
1471 1250 1623 1317 Offendit

372 1384 435 1431 non
457 1363 667 1447 mediocriter,
692 1364 775 1451 quod
788 1361 959 1430 Phocicum
983 1362 1113 1445 bellum,
1137 1361 1220 1450 quod
1243 1362 1413 1429 decennale
1430 1363 1528 1428 fuisse
1547 1382 1621 1427 cum

373 1493 390 1539 0
418 1473 547 1560 reliquis
577 1481 718 1540 veterum
745 1473 937 1539 testimoniis
963 1475 1033 1538 tum
1060 1493 1079 1538 e
1101 1471 1232 1538 Diodori
1258 1473 1358 1559 ipsius
1384 1470 1488 1538 verbis
1515 1490 1548 1536 c.
1577 1472 1620 1535 59

373 1582 444 1665 (ἐπὶ
466 1582 500 1645 δὲ
524 1582 643 1646 τούτων
667 1580 722 1669 (ol.
750 1583 825 1662 108,
842 1582 874 1665 3)
897 1578 916 1646 ὁ
934 1581 1074 1654 Φωκικὸς
1097 1580 1249 1663 πόλεμος,
1270 1580 1435 1664 διαμείνας
1457 1578 1510 1663 ἔτη
1527 1579 1622 1654 δέκα,

372 1689 536 1774 κατελύθη
559 1689 651 1752 τόνδε
675 1690 730 1753 τὸν
753 1689 891 1774 τρόπον)
914 1689 994 1754 00110
1017 1687 1132 1774 liquet,
1156 1708 1269 1756 novem
1292 1709 1392 1754 annos
1414 1686 1549 1754 durasse
1574 1687 1621 1752 di-

373 1801 456 1862 serte
472 1797 658 1880 affirmatur,
683 1818 776 1883 quam
794 1795 1016 1863 difficultatem
1031 1796 1071 1862 A.
1088 1795 1238 1863 Schaefer
1247 1797 1272 1883 ¹)
1288 1797 1336 1862 ita
1350 1794 1464 1861 tollere
1481 1799 1621 1861 conatus

374 1909 432 1987 est,
457 1910 493 1970 ut
515 1904 626 1990 plenos
649 1909 774 1971 tantum
798 1924 896 1971 annos
920 1903 1093 1971 aDiodoro
1116 1903 1168 1971 vel
1191 1905 1258 1970 eius
1280 1909 1407 1971 auctore
1430 1909 1621 1969 numeratos

374 2033 442 2080 esse
465 2017 629 2079 statueret.
670 2011 756 2091 Quae
779 2011 948 2100 explicatio
972 2013 1116 2079 omnibus
1139 2011 1269 2098 placuit,
1293 2016 1421 2098 praeter
1441 2009 1621 2092 Haemum,

373 2123 461 2209 qui2)
486 2121 657 2188 coniciendi
681 2121 792 2187 ardore
815 2141 852 2187 eo
876 2120 987 2187 ductus
1010 2124 1069 2202 est,
1093 2123 1130 2186 ut
1144 2119 1326 2202 Diodorum,
1351 2118 1622 2203 cumol.105‚4

373 2234 406 2295 01
436 2232 543 2313 106‚1
578 2251 675 2296 annos
704 2230 818 2296 Siculis
852 2229 946 2296 rebus
980 2229 1153 2316 explesset,
1189 2249 1313 2296 sacrum
1346 2229 1466 2295 bellum
1501 2249 1621 2295 novem

373 2358 524 2403 annorum
548 2339 643 2405 firisse
666 2338 723 2404 1110
746 2337 816 2405 1000
840 2340 1008 2404 mentitum
1032 2357 1099 2404 0000
1121 2337 1182 2404 sibi
1197 2337 1410 2424 persuaderet,
1434 2357 1535 2424 qnam
1552 2339 1621 2423 opi-

373 2447 497 2512 nionem
527 2447 702 2512 accuratius
730 2445 875 2513 refellere
903 2445 1098 2532 supersedeo.
1146 2444 1195 2512 Ne
1224 2466 1281 2528 ego
1308 2465 1432 2532 quoque
1454 2443 1620 2510 Schaeferi

374 2554 577 2640 explicationi
599 2556 744 2641 quamvis
767 2554 925 2641 probabili
949 2555 1113 2636 assentiar,
1138 2553 1209 2639 ipsa
1223 2553 1354 2620 Diodori
1371 2553 1469 2619 verba
1483 2551 1618 2633 faciunt,

373 2684 453 2749 quae
476 2663 743 2749 simplicissimam
767 2664 1059 2749 interpretationem
1082 2662 1295 2749 suppeditant.
1343 2660 1456 2727 Verbis
1488 2659 1618 2729 enimi

372 2770 454 2858 ἱερὸς
476 2772 618 2855 πόλεμος
641 2776 769 2857 συνέστη
792 2772 846 2836 καὶ
868 2772 1023 2855 διέμεινεν
1046 2770 1098 2856 ἔτη
1121 2771 1214 2834 έννέα
1238 2769 1319 2835 nihil
1347 2768 1434 2835 aliud
1457 2770 1619 2838 Diodorus

372 2880 548 2962 significare
571 2880 650 2945 mihi
673 2880 811 2964 ridetur,
836 2901 932 2967 quam
956 2900 1037 2946 anno
1062 2879 1103 2945 ol.
1130 2881 1241 2963 106,1
1263 2899 1386 2945 sacrum
1407 2878 1528 2945 bellum
1546 2900 1619 2947 con·

372 2985 494 3069 flatum,
518 2991 621 3075 ipsum
645 2992 751 3055 autem
774 3009 831 3076 per
854 3009 967 3055 novem
990 3008 1088 3054 annos
1112 2988 1209 3053 armis
1229 2990 1355 3070 gestum
1370 3006 1448 3053 esse.
1488 2986 1619 3054 Bellum

372 3116 495 3161 sacrum
523 3118 590 3164 esse
618 3118 681 3163 non
709 3101 849 3184 poterat,
884 3098 946 3162 nisi
973 3096 1014 3161 ab
1041 3094 1329 3182 Amphictyonibus
1358 3095 1510 3161 indictum
1535 3101 1618 3177 erat,

372 3224 435 3289 qua
457 3203 495 3269 de
518 3226 552 3271 re
576 3206 609 3272 in
633 3207 693 3271 fine
717 3226 743 3271 c.
770 3208 811 3270 27
837 3204 941 3271 verbis
964 3224 1060 3289 supra
1082 3203 1190 3268 citatis
1212 3202 1387 3287 exponitur.
1427 3200 1509 3279 Quid
1532 3207 1619 3269 enim

372 3309 459 3376 aliud
482 3312 579 3378 uerba
602 3313 680 3379 haec
703 3312 764 3379 sibi
787 3310 899 3392 velint,
924 3311 985 3376 nisi
1012 3309 1128 3375 bellum
1145 3310 1186 3376 ab
1201 3309 1489 3396 Amphictyonibus
1505 3318 1620 3379 contra

372 3418 541 3502 sacrilegos
570 3420 743 3503 decretum,
773 3441 835 3487 non
863 3418 999 3503 vide02).
1047 3416 1154 3504 Atque
1182 3419 1230 3484 ita
1252 3417 1383 3484 Diodori
1410 3423 1520 3485 auctor
1549 3443 1619 3488 rem

372 3527 552 3611 exposuisse
576 3528 709 3609 videtur,
736 3532 772 3593 ut
795 3548 876 3593 anno
901 3528 964 3593 355
989 3526 1103 3613 templi
1127 3527 1363 3612 occupationem
1386 3531 1420 3591 01
1442 3547 1493 3592 res
1516 3550 1618 3616 usque

372 3632 412 3699 ad
427 3634 697 3721 Amphictyonum
720 3635 887 3701 concilium
910 3638 1016 3717 gestas
1040 3633 1141 3715 daret,
1166 3633 1286 3699 bellum
1309 3638 1415 3700 autern
1438 3636 1543 3720 ipsum
1561 3659 1618 3724 per

370 3761 483 3807 novem
499 3743 724 3830 subsequentes
740 3764 838 3809 annos
854 3745 1024 3828 exponeret
1040 3744 1153 3827 (usque
1169 3740 1210 3806 ad
1226 3741 1267 3807 ol.
1287 3744 1362 3824 108,
1377 3744 1419 3827 3).
1456 3741 1617 3812 Diodorus

370 3847 450 3914 nihil
474 3849 511 3915 de
535 3850 620 3916 bello
645 3871 735 3917 sacro
758 3852 826 3937 ipso
851 3851 908 3916 sub
932 3871 961 3914 a.
979 3849 1045 3915 355
1069 3853 1232 3914 narratum
1253 3850 1285 3913 in
1306 3852 1394 3914 10010
1410 3870 1465 3915 000
1481 3850 1617 3936 invenit,

371 3955 404 4020 id
427 3956 510 4042 quod
533 3942 600 4043 ipse
623 3957 871 4025 luculentissime
888 3958 1025 4023 testatur
1041 3959 1110 4044 (27,
1128 3958 1175 4042 er)
1193 3960 1297 4021 ταῦτα
1311 3956 1370 4039 μὲν
1386 3955 1445 4021 οὖν
1459 3958 1618 4047 ἐπράχθη

370 4065 452 4127 κατὰ
478 4068 589 4129 τοῦτον
613 4068 669 4130 τὸν
691 4067 851 4142 ἐνιαυτὸν,
875 4066 987 4151 (ηο1100
1011 4086 1049 4129 00
1072 4086 1153 4151 quae
1176 4065 1323 4130 10101110
1347 4084 1373 4129 c.
1400 4066 1442 4130 23
1466 4063 1618 4149 leguntur

371 4172 489 4257 optime
504 4171 708 4259 respondent:
736 4173 917 4258 Φιλόμηλος
932 4173 993 4264 γὰρ
1009 4170 1027 4237 d
1047 4173 1186 4248 Φωκεὺς,
1200 4171 1281 4258 ἀνὴρ
1297 4172 1417 4256 θράσει
1432 4174 1486 4235 καὶ
1501 4199 1617 4264 παρα-
