3392 5300
817 424 1039 489 ,16-

307 623 375 669 esse
408 606 445 669 51
479 602 604 669 credam
636 600 845 669 nullomodo
873 602 986 671 adduci
1019 622 1157 691 possum.
1209 601 1294 669 Nam
1328 601 1547 689 interpretatio

306 710 473 794 eiusmodi,
509 708 701 779 Phalaecum
734 710 908 797 periculum
940 710 1137 797 captivitatis
1174 711 1341 777 imminens
1367 713 1462 797 pecto
1489 707 1547 774 illo

306 818 437 901 fugisse,
467 820 519 885 vix
547 821 691 907 cuiquam
720 819 858 907 placeat.¹
903 819 992 887 Duas
1019 821 1116 903 igitur
1142 818 1312 887 relationes
1334 817 1373 884 de
1396 816 1547 883 Phalaoci

306 929 392 992 exitu
415 928 509 993 firisse
532 930 630 1014 patet.
671 927 793 995 Deinde
809 927 975 1015 Philippus
998 930 1179 1010 155.64,3
1201 948 1328 1014 prorsus
1342 925 1437 993 aliter
1452 930 1547 1013 atque

305 1034 338 1099 in
362 1054 388 1100 c.
407 1037 449 1099 60
465 1032 702 1121 Volquardseno
726 1041 759 1102 et
781 1034 899 1103 Paolrio
915 1038 1076 1118 51555551,
1099 1039 1137 1101 51
1151 1034 1236 1101 ultor
1250 1034 1410 1121 Apollinis
1425 1054 1548 1101 summu

306 1141 456 1226 religione
479 1164 517 1209 ac
539 1146 659 1230 pietate
681 1145 820 1211 imbutus
841 1144 1055 1231 praedicatum:
1090 1142 1216 1230 161551
1230 1148 1368 1229 μαντείῳ
1383 1146 1548 1229 βοηθήσας

310 1252 475 1326 Φίλιππος
501 1251 569 1317 ἀπὸ
599 1253 718 1317 τούτων
747 1256 808 1317 τῶν
835 1252 960 1339 χρόνον
987 1253 1039 1316 ἀεὶ
1052 1251 1177 1334 μᾶλλον
1199 1251 1373 1333 αοξόμονος
1388 1251 1423 1314 ad
1440 1251 1546 1315 τελεο-

307 1371 396 1422 ταῖον
418 1359 473 1423 διὰ
497 1362 553 1445 τὴν
575 1363 619 1435 εἰς
642 1362 676 1425 τὸ
692 1366 786 1425 θεῖον
800 1361 964 1444 εὗσέβειοιν
981 1364 1021 1448 (c.
1040 1363 1093 1443 38,
1111 1361 1143 1445 2)
1158 1359 1282 1444 ἡγεμών
1296 1358 1480 1444 ἀπεδείχθη
1497 1362 1548 1445 οῆς

306 1466 463 1541 Ἑλλάδος
485 1467 600 1552 πάσης.
640 1467 729 1547 Quod
752 1473 785 1535 51
807 1472 840 1535 15
864 1489 890 1535 5.
917 1472 1005 1551 60,4
1027 1473 1061 1535 51
1081 1470 1134 1551 65,
1150 1476 1170 1532 4
1184 1466 1296 1533 cadem
1311 1468 1376 1533 fere
1392 1467 1548 1533 sententia

306 1573 495 1661 explicatur,
532 1579 564 1642 15
593 1576 783 1644 Graecarum
818 1599 923 1644 rerum
958 1581 1045 1643 statu
1072 1575 1176 1664 qualis
1203 1580 1272 1641 tum
1300 1579 1383 1658 erat,
1420 1576 1546 1640 minime

307 1680 447 1749 offendit.
499 1683 641 1771 Denique
670 1684 800 1752 Diodori
828 1686 926 1771 ipsius
962 1684 1058 1752 verba
1093 1686 1167 1770 (60,
1194 1684 1228 1768 5)
1264 1703 1303 1748 ex
1331 1681 1393 1748 alio
1421 1686 1547 1747 auctore

307 1810 375 1876 opp.
402 1792 549 1875 56-60,
586 1814 624 1858 ex
653 1792 716 1859 alio
746 1795 879 1858 61-64
898 1793 1010 1879 petita
1044 1813 1112 1858 esse
1143 1791 1254 1857 docere
1281 1790 1360 1855 rnihi
1387 1790 1547 1872 videntum

306 1898 410 1965 vorbis
439 1902 521 1964 enirn
548 1901 634 1964 erle
664 1902 737 1988 περὶ
763 1902 823 1985 μὲν
851 1900 970 1966 τούτων
998 1903 1037 1964 ael
1060 1902 1143 1965 κατὰ
1165 1905 1258 1986 μέρος
1280 1900 1316 1963 ἐν
1340 1911 1403 1973 τοῖς
1426 1902 1548 1971 οἰκείοις

306 2006 431 2090 χρ’νοις
451 2007 697 2094 ἀναγράψομεν,
718 2011 779 2073 νῦν
801 2008 887 2072 δ’ἐπὶ
911 2010 944 2072 ed
968 2009 1095 2089 συνεχὲς
1118 2012 1170 2093 τῆς
1192 2007 1328 2093 ἱστορίας
1344 2007 1546 2093 τρεψόμεθα·

306 2113 387 2178 nihil
421 2113 507 2179 aliud
535 2114 691 2182 Diodorus
727 2118 925 2203 pronuntiat,
961 2139 1056 2204 quam
1083 2116 1236 2183 Phocaico
1272 2115 1357 2181 hello
1385 2115 1427 2180 ad
1455 2115 1548 2179 finem

306 2226 434 2288 narrato
461 2243 542 2287 nunc
570 2222 611 2287 ad
639 2222 718 2290 alias
746 2246 795 2290 res
822 2224 1028 2291 illustrandas
1051 2245 1120 2290 sese
1142 2226 1349 2290 transiturum
1370 2244 1454 2306 esse3
1482 2222 1548 2287 illis

307 2331 391 2395 enim
418 2329 522 2397 verbis
550 2332 624 2417 περὶ
651 2332 709 2414 μὲν
733 2332 853 2397 τούτων
875 2334 931 2397 κτλ
953 2334 1000 2398 115
1021 2334 1069 2397 511
1091 2331 1188 2414 55151,
1218 2335 1253 2396 51
1276 2370 1318 2379 -
1342 2330 1426 2417 quod
1449 2351 1488 2396 ex
1510 2331 1549 2394 iis

306 2438 383 2522 ipsis
407 2439 547 2523 sequitur
564 2477 605 2486 -
622 2443 679 2504 aut
702 2439 742 2505 ad
765 2460 804 2506 ea
827 2460 907 2526 quae
930 2440 1114 2506 breuissime
1136 2436 1229 2503 modo
1253 2438 1498 2504 adumbraverat
1517 2439 1550 2501 in

308 2542 414 2609 ordine
437 2565 541 2609 rerum
565 2548 738 2613 accuratius
761 2547 945 2633 exponenda
967 2548 1006 2613 cf.
1031 2545 1092 2611 XV
1115 2548 1174 2627 39,
1191 2554 1223 2628 33
1252 2544 1328 2620 XVI
1354 2548 1388 2629 1,
1405 2553 1437 2627 53
1463 2546 1499 2626 5,
1515 2551 1549 2625 4;

309 2653 362 2734 65,
379 2659 411 2734 9;
435 2651 528 2718 XVII
553 2657 583 2736 6,
601 2662 617 2718 3
641 2659 697 2720 551
719 2655 760 2721 56
776 2657 901 2721 omnino
916 2675 999 2721 nova
1014 2653 1174 2720 afferenda
1188 2655 1357 2719 transitum
1372 2653 1431 2719 sibi
1448 2655 1548 2738 paret.

307 2758 413 2845 Atque
437 2760 469 2826 id
492 2762 522 2826 ei
545 2765 740 2849 propositum
764 2763 860 2829 fuisse
882 2762 1017 2845 videtur,
1041 2766 1078 2826 ut
1100 2762 1248 2848 qnoniam
1271 2782 1288 2826 5
1312 2761 1398 2826 fonte
1422 2780 1477 2826 suo
1500 2780 1550 2825 55

308 2886 395 2932 orum
418 2867 538 2932 bellum
562 2890 659 2956 usque
680 2868 721 2935 56
736 2869 830 2935 finem
846 2869 1001 2956 perduxit,
1026 2867 1140 2935 Siculis
1155 2869 1249 2934 rebus
1264 2865 1428 2934 narrandis
1443 2887 1551 2934 curam

307 2974 512 3061 impenderet,
548 2976 603 3042 sed
631 2997 705 3043 casu
732 2975 869 3064 quodam
897 2997 949 3060 eo,
978 2997 1072 3064 quem
1100 2975 1172 3042 inde
1200 2995 1269 3041 ac.
1296 2976 1338 3039 56
1367 2976 1549 3061 reliquerat,

308 3082 394 3147 fonte
422 3084 536 3148 iterum
566 3086 707 3170 inspecto
735 3105 804 3171 opp.
835 3087 969 3150 61-64
996 3083 1178 3171 appendicis
1205 3082 1274 3147 loco
1302 3081 1434 3148 addidit.
1481 3080 1552 3146 Hac

309 3209 430 3276 quoque
454 3195 543 3277 parte
572 3191 732 3278 absoluta,
761 3196 829 3256 tum
853 3191 978 3258 demum
1007 3192 1047 3257 ad
1070 3189 1192 3256 Siculas
1220 3209 1271 3254 res
1298 3188 1488 3254 enarrandas
1515 3208 1551 3254 55

309 3298 415 3378 555111,
431 3299 546 3363 1155515
562 3319 650 3364 sacro
667 3297 752 3364 bello
768 3298 874 3365 valere
891 3298 995 3364 dicens
1011 3298 1061 3366 his
1079 3297 1197 3364 verbis:
1221 3296 1309 3382 ἡμεῖς
1323 3297 1358 3360 δὲ
1373 3295 1552 3383 ἀρκούντως

309 3401 538 3488 διαληλοθότες
554 3407 608 3469 τὸν
624 3404 708 3492 ἱερὸν
731 3402 873 3489 πόλεμον
895 3402 1050 3489 ἐπάνιμεν
1072 3407 1128 3471 ε’πὶ
1143 3407 1199 3478 τὰς
1219 3404 1405 3490 ἑτερογενεῖς
1420 3400 1551 3489 πράξεις

309 3531 389 3596 quae
411 3508 501 3577 Paoh
524 3511 839 3579 inconsideratissime
863 3515 987 3599 pressit.
1072 3526 1076 3539 ·

399 3618 486 3685 Haec
510 3623 593 3702 5551,
617 3640 698 3705 quac
722 3619 887 3687 eDiodori
909 3622 1007 3707 ipsius
1030 3620 1134 3686 verbis
1158 3619 1196 3685 de
1217 3620 1395 3686 auctoribus
1411 3621 1445 3684 15
1459 3639 1550 3685 usum

309 3729 429 3793 vocatis
464 3747 615 3813 apparere
650 3726 727 3792 mihi
762 3727 916 3793 videntur.
970 3713 1062 3792 Mira¹
1084 3727 1220 3813 quadam
1248 3727 1390 3794 socordia
1418 3726 1495 3792 duos
1518 3728 1550 3791 in

309 3831 450 3920 pluribus
479 3835 579 3920 iisque
607 3835 800 3918 gravissimis
828 3835 921 3900 rebus
949 3855 1012 3900 non
1043 3833 1158 3901 leviter
1191 3835 1413 3902 dissentientes
1448 3835 1550 3899 fontes

308 3941 356 4006 115
379 3940 532 4024 adhibuit,
556 3946 593 4006 ut
612 3946 746 4028 quatuor
760 3943 950 4008 narrationis
966 3962 1041 4007 suae
1057 3944 1194 4028 partium
1211 3944 1376 4029 (ao-273
1402 3944 1549 4023 28-40;

311 4050 459 4130 56--60;
478 4051 624 4134 61-64)
641 4051 776 4136 primam
793 4053 826 4116 51
840 4050 970 4115 tertiam
986 4049 1025 4115 de
1040 4051 1153 4136 priore,
1171 4048 1339 4116 secundam
1354 4053 1389 4114 et
1404 4054 1550 4136 quartam
1680 4084 1681 4099 ί

309 4155 349 4222 65
377 4155 478 4222 altero
507 4156 712 4243 depromeret.
760 4156 852 4235 Quod.
877 4160 919 4240 is,
949 4158 1003 4243 qui
1030 4156 1118 4223 nullo
1146 4159 1249 4243 spatio
1276 4158 1463 4243 interposito
1487 4157 1551 4242 pri-

310 4264 432 4329 mordia
460 4263 538 4329 belli
562 4286 578 4330 5
608 4265 727 4332 dnobus
755 4265 887 4331 diversis
915 4265 1054 4330 fontibus
1077 4264 1127 4330 bis
1150 4263 1296 4351 deinceps
1319 4285 1465 4330 enarrare
1488 4284 1550 4330 nou

310 4372 428 4436 veritus
452 4375 510 4454 551,
535 4391 606 4438 cunr
629 4371 700 4438 inde
725 4394 745 4438 a
768 4392 793 4439 5.
820 4373 863 4436 56
887 4372 984 4458 priori
1006 4373 1127 4438 auctori
1149 4393 1183 4438 se
1206 4371 1400 4438 adiunxisset
1415 4374 1447 4438 in
1462 4392 1489 4438 5.
1508 4373 1550 4436 60

311 4475 352 4542 56
375 4478 511 4544 alterurn
534 4478 638 4564 rediit,
662 4481 791 4546 minime
815 4477 954 4544 offendit.
979 4473 981 4478 ’

400 4585 515 4652 Restat
541 4607 637 4684 5555,
673 4592 708 4653 51
735 4608 813 4675 quos
846 4590 989 4654 auctores
1017 4584 1173 4654 Diodorus
1200 4588 1233 4654 in
1260 4609 1351 4654 usum
1378 4587 1548 4669 vocaverit,
