3392 5300
853 414 1075 478 ,ιο-

346 591 488 658 omnibns
509 591 621 674 adhuc,
645 592 748 678 quoad
764 593 872 674 sciam,
896 593 1022 659 omnino
1037 592 1217 677 neglectum
1233 599 1291 661 est.
1330 593 1486 660 Diodorus
1500 592 1573 658 enirn

345 698 547 785 ἀναθήματα
571 721 665 766 aurea
688 723 708 766 a
730 699 868 787 Phayllo
891 720 1123 788 percussaque
1145 703 1271 788 proprio
1300 701 1435 788 pondere
1462 721 1574 787 quoque

346 807 446 893 pretio
469 807 510 873 ad
534 809 655 891 argenti
679 810 834 874 rationem
858 809 976 876 merint
998 808 1120 896 plenius
1146 811 1283 897 exponit.
1330 809 1437 895 Atque
1465 808 1575 895 pondus

346 935 452 980 eornm
477 918 541 982 282
567 915 723 982 talentum
746 917 843 983 fuisse
866 917 927 983 hac
948 918 1071 983 ratione
1095 917 1244 983 efficitur:

455 1028 518 1091 120
543 1027 680 1090 ababa
703 1025 888 1091 διτάλαντοι
951 1072 1355 1091 ........
1403 1026 1468 1089 240
1490 1022 1545 1089 tal.

455 1135 519 1200 aco
544 1135 661 1219 «μάλα
684 1115 850 1218 arataeo.
898 1181 1355 1199 .........
1427 1135 1468 1197 m
1509 1180 1522 1211 ,

454 1241 505 1307 leo
529 1263 641 1308 aureus
665 1245 698 1308 et
720 1242 851 1307 femina:
877 1247 1043 1328 τρίακοντα
1064 1242 1231 1306 ταλάντων
1245 1243 1362 1328 χρυσοῖν

453 1352 602 1434 σταθμὸν
624 1350 769 1430 ἀγόντων
793 1354 855 1415 τῶν
877 1351 1012 1415 πάντων
1062 1396 1353 1415 ......
1423 1350 1467 1414 30
1506 1397 1520 1426 ,,

1364 1439 1578 1542 ΜΠ)

434 1564 541 1631 Pretio
569 1572 675 1633 autem
707 1570 841 1652 quatuor
875 1567 1004 1634 milibus
1038 1568 1197 1652 argenteis
1230 1567 1362 1634 talentis
1398 1571 1579 1653 aequantur.

344 1672 464 1738 Deinde
493 1674 717 1758 ἀναθημάτων
745 1678 965 1756 argenteorum
992 1696 1013 1739 a
1040 1673 1184 1757 ducibus,
1219 1677 1274 1763 qui
1301 1675 1428 1763 quidem
1463 1675 1501 1740 iis
1534 1674 1581 1739 usi

345 1785 451 1846 essent
475 1821 516 1830 -
541 1781 626 1880 nihil
644 1781 730 1846 aliud
753 1782 851 1847 verba
875 1782 947 1856 τοὺς
969 1782 1098 1857 πάντας
1121 1784 1313 1870 στρατηγοὺς
1340 1783 1516 1866 significant
1539 1821 1581 1830 --
1642 1826 1643 1831 κ

345 1893 598 1974 consumptorum
626 1891 763 1975 pretium
791 1889 863 1976 plus
892 1911 947 1955 sex
974 1890 1065 1955 milia
1095 1889 1253 1957 talentum
1287 1891 1383 1958 tuisse
1417 1890 1582 1956 indicatur.

345 1994 461 2074 Quodsi
490 1996 531 2062 ad
558 2001 733 2063 extremum
762 1999 921 2081 argenteis
951 2000 1115 2086 aureisque
1149 1998 1361 2086 ἀναθήμασιν
1394 1999 1585 2084 computatis

345 2125 469 2170 summa
493 2103 564 2190 plus
587 2104 695 2171 decem
718 2104 841 2170 milium
864 2105 1022 2172 talentum
1045 2106 1236 2190 subducitur,
1261 2106 1294 2172 id
1314 2108 1382 2173 sine
1402 2105 1496 2172 dubio
1512 2126 1587 2171 con-

347 2217 427 2293 stat,
458 2232 475 2277 c
499 2211 629 2278 Diodori
652 2215 788 2279 auctoris
811 2215 970 2279 sententia
994 2215 1179 2280 nominem
1206 2216 1267 2281 nisi
1289 2213 1462 2300 Phayllum
1490 2233 1589 2278 aurea

344 2319 546 2404 ἀναθήματα
580 2321 778 2405 percussisse.
831 2319 1074 2407 simplicissima
1107 2322 1167 2388 hac
1201 2323 1489 2406 argumentatione,
1525 2322 1590 2387 nisi

344 2447 533 2512 magnopere
557 2427 661 2510 fallor,
691 2449 729 2493 aa
752 2431 868 2515 capita,
897 2450 1029 2515 quorum
1052 2429 1149 2495 verba
1171 2430 1221 2495 illi
1244 2431 1360 2496 rationi
1383 2429 1522 2510 obstant,
1549 2450 1591 2494 ex

345 2533 408 2599 alio
432 2535 519 2600 fonte
542 2533 668 2601 fluxisse
692 2535 811 2621 liquido
835 2541 977 2624 apparet.
1025 2536 1107 2603 Sunt
1129 2542 1235 2604 autem
1258 2537 1411 2604 eiusmodi
1434 2557 1504 2624 cpp.
1531 2539 1591 2619 33,

347 2644 405 2724 36,
436 2645 493 2725 37,
524 2664 543 2709 a
571 2643 683 2729 quibus
710 2645 859 2730 quoniam
886 2666 912 2711 c.
942 2648 985 2711 30
1012 2644 1101 2711 nullo
1130 2644 1220 2711 modo
1248 2645 1370 2730 seiungi
1398 2650 1519 2732 potest,
1551 2666 1594 2725 ea

345 2773 440 2837 quam
464 2772 559 2837 supra
581 2751 619 2817 dc
644 2773 669 2819 c.
689 2755 731 2818 30
756 2757 788 2818 ct
811 2773 837 2819 c.
857 2755 910 2836 56,
928 2762 945 2819 5
961 2755 1049 2840 posui
1066 2755 1223 2819 sententia
1238 2756 1357 2841 optime
1372 2754 1592 2819 confirmatur.

436 2858 522 2925 Duos
545 2860 642 2943 igitur
665 2861 767 2927 fontes
782 2860 939 2927 Diodorus
959 2862 1133 2949 exscripsit,
1158 2863 1211 2948 qui
1227 2860 1266 2927 de
1282 2862 1477 2945 gravissimis
1492 2862 1594 2927 rebus

345 2967 619 3033 vehementissime
648 2968 876 3035 dissentiebant
907 2990 1039 3055 quorum
1073 2968 1156 3035 alter
1183 2967 1396 3035 Philomelam
1429 2968 1594 3055 templum

346 3075 498 3161 spoliasse
525 3077 668 3159 negavit,
699 3076 781 3142 altar
808 3077 925 3143 diserte
954 3076 1116 3143 contendit
1144 3080 1184 3162 (o.
1215 3078 1284 3163 30).
1332 3076 1420 3142 ldem
1447 3076 1486 3142 de
1516 3097 1595 3163 epp.

347 3185 486 3248 23-27
523 3189 557 3249 et
585 3187 727 3251 28—30
763 3184 890 3251 collatis
921 3184 1122 3250 statuendum
1150 3205 1246 3271 supra
1272 3184 1363 3250 nobis
1390 3185 1493 3249 visum
1524 3190 1596 3265 est3

346 3296 497 3376 quantum
526 3292 676 3375 colligere
707 3292 799 3375 licet,
834 3292 963 3358 illorum
990 3313 1061 3379 opp.
1097 3296 1206 3359 auctor
1234 3292 1314 3358 nihil
1341 3292 1380 3358 da
1408 3290 1599 3358 Philomclo

346 3400 458 3485 templi
482 3400 652 3486 spoliatore
675 3405 869 3467 narraverat.
909 3400 1050 3467 Eundem
1067 3401 1163 3484 igitur
1178 3401 1297 3466 fontem
1313 3401 1346 3465 in
1362 3420 1433 3486 cpp.
1452 3402 1597 3465 23-27

346 3512 378 3573 et
402 3529 427 3574 c.
454 3509 496 3572 56
521 3507 697 3573 adhibitum
726 3529 794 3575 esse
822 3508 1088 3575 verisimillimum
1116 3510 1209 3594 est2).
1256 3508 1309 3574 Ad
1335 3507 1431 3591 hanc,
1460 3530 1548 3594 quac
1581 3530 1602 3575 e

345 3635 379 3680 rc
402 3616 472 3701 ipsa
495 3614 645 3681 facillime
668 3618 878 3703 consequitur,
902 3618 1112 3683 coniecturam
1135 3616 1381 3683 confirmandam
1401 3622 1605 3699 argumenta

345 3744 417 3788 mea
444 3723 570 3809 quidem
599 3726 756 3790 sententia
784 3726 912 3790 minime
939 3724 1134 3808 neglegenda
1162 3744 1179 3789 e
1206 3724 1329 3812 reliqua
1360 3745 1386 3791 o.
1417 3726 1459 3789 56
1496 3732 1604 3811 parte

347 3830 592 3915 proficiscuntur.
633 3830 677 3896 Ut
700 3831 782 3896 enim
805 3833 838 3897 in
862 3853 887 3897 c.
914 3835 1002 3916 23,5
1022 3830 1218 3898 Philomelus
1240 3836 1276 3897 ut
1299 3853 1395 3919 penes
1410 3831 1606 3900 Phocenses

348 3938 403 4022 τὴν
426 3943 623 4023 προστασίαν
645 3937 792 4025 Delphici
814 3940 927 4026 templi
952 3938 1028 4005 olim
1052 3940 1145 4006 fuisse
1172 3939 1332 4021 ostendat,
1363 3938 1494 4005 Homeri
1519 3962 1609 4024 gra-

346 4044 467 4109 vissimi
491 4046 690 4131 antiquitatis
714 4048 806 4115 testis
822 4048 926 4113 verbis
941 4047 1051 4130 utitm,
1076 4048 1120 4114 sic
1136 4049 1234 4113 etiam
1250 4046 1283 4112 in
1298 4067 1324 4113 c.
1344 4047 1396 4129 56,
1413 4055 1429 4112 7
1446 4046 1610 4117 Homero

424 4242 443 4311 ¹)
463 4247 631 4315 Aequatione
651 4247 703 4302 282
723 4250 771 4301 tal.
791 4250 978 4303 aur.=4000
996 4251 1045 4301 tal.
1065 4265 1121 4316 arg.
1139 4265 1156 4301 a
1174 4250 1251 4302 nullo
1277 4248 1366 4302 adhuc
1390 4248 1479 4317 quoad
1507 4253 1613 4306 sciam

346 4338 475 4390 instituta
494 4338 561 4391 ratio
580 4339 652 4391 inter
670 4354 767 4393 aurum
787 4341 815 4393 et
833 4342 975 4407 argentum
995 4340 1060 4393 haec
1079 4340 1203 4407 sequitur
1225 4336 1614 4410 1:14,1844(ar.}1u1as0h,

347 4429 448 4480 Metrol.
471 4427 561 4481 Graec.
582 4428 718 4494 etitem,
742 4444 768 4496 p.
791 4427 843 4481 174
863 4425 916 4497 sq.)
936 4427 969 4481 de
988 4444 1044 4497 qua
1061 4428 1089 4481 in
1109 4428 1240 4482 eiusmodi
1259 4429 1466 4496 quaestionibus
1486 4436 1616 4488 versati

348 4516 398 4572 viri
416 4516 535 4571 iudicare
554 4517 664 4572 velint·

419 4602 440 4674 ²)
461 4608 493 4662 cf.
514 4606 606 4663 Haaka
623 4622 650 4676 p.
671 4604 714 4661 50.
