3392 5300
759 429 981 498 ,33-

251 614 404 693 mutaret,
433 617 478 693 ut,
503 631 584 697 quae
607 611 639 676 in
668 611 770 697 priore
794 608 971 676 Photianae
993 614 1086 697 parte
1109 612 1191 697 (485
1210 614 1285 676 841
1312 631 1366 697 sq3
1393 613 1461 677 488
1480 629 1498 666 ⁸

254 721 401 804 14-25)
425 735 506 786 nuno
529 717 688 801 legrmtm,
713 719 746 782 in
768 723 910 784 extremo
925 716 995 784 loco
1011 717 1193 800 collocaret
1216 717 1340 804 reliqua
1355 738 1411 784 suo
1426 717 1497 784 loco

252 847 314 894 non
338 832 488 894 moveret.

343 934 414 1002 Hac
429 936 677 1022 perscrutatione
695 934 785 1000 finita
800 933 842 1000 ad
857 933 1081 1001 Demosthenis
1096 935 1197 1000 vitam
1211 933 1388 1017 redeamus,
1412 936 1500 1001 cuius

253 1043 351 1112 Verba
375 1049 526 1130 φέρονται
549 1043 580 1107 δ’
596 1043 695 1108 αὐτοῦ
718 1043 808 1122 λόγοι
832 1047 867 1120 ξέ
888 1045 981 1130 (288,
1007 1044 1088 1129 202)
1111 1043 1152 1110 ob
1175 1043 1257 1110 nibil
1276 1042 1363 1110 aliud
1383 1044 1445 1110 nisi
1463 1047 1502 1108 ut

254 1137 492 1239 biographicam
516 1155 639 1239 partem
664 1150 846 1218 clauderent
869 1173 908 1237 err
932 1150 1097 1239 archetypi
1120 1154 1223 1239 priore
1246 1157 1338 1239 parte
1360 1152 1447 1218 hunc
1465 1153 1501 1218 in
1574 1239 1578 1249 Ι

254 1260 359 1328 locum
382 1261 577 1347 transposita
600 1280 668 1327 esse
692 1260 770 1326 mihi
794 1260 950 1327 videntur.
989 1261 1053 1327 Sed
1076 1260 1143 1328 alia
1164 1281 1288 1348 quoque
1311 1281 1384 1345 eum
1405 1281 1501 1346 quem

255 1390 337 1436 nunc
360 1369 480 1435 hahent
502 1367 607 1433 locum
630 1387 693 1434 non
716 1387 841 1454 semper
864 1369 1004 1434 tenuisse
1018 1371 1176 1435 nemiuem
1192 1370 1282 1452 fugit
1321 1369 1405 1434 Sunt
1418 1357 1503 1434 eius·

254 1478 341 1544 modi
375 1476 473 1543 verba
501 1479 581 1558 284,
612 1477 745 1544 81-89
782 1475 891 1562 (Phot.
921 1479 987 1543 492
1007 1481 1024 1534 b
1043 1479 1176 1544 18-20
1204 1477 1259 1544 cll.
1283 1498 1301 1534 a
1320 1478 1380 1562 27)
1405 1480 1502 1562 atque

256 1587 392 1673 primurn
427 1586 542 1652 notitia
571 1585 609 1651 de
637 1589 780 1672 tempore
809 1583 1072 1672 Olynthiacarum
1105 1589 1282 1654 orationum
1293 1588 1328 1672 ¹).
1376 1585 1504 1652 Discre-

257 1696 367 1781 pantia
391 1691 704 1761 Pseudo-Plutarchi
728 1694 770 1776 (ζ’
795 1699 848 1758 καί
871 1693 899 1759 i'
925 1693 977 1780 dep
1004 1697 1155 1780 γεγονώς)
1183 1699 1216 1760 et
1239 1692 1346 1760 Photii
1376 1694 1419 1779 (η’
1448 1693 1506 1758 καὶ

257 1803 285 1868 λ’
311 1802 388 1888 ἔτη),
413 1803 474 1870 nisi
498 1823 514 1868 e
537 1801 660 1868 librarii
684 1823 802 1884 errore,
828 1802 962 1869 fortasse
985 1802 1059 1869 inde
1081 1807 1153 1870 orta
1175 1807 1239 1886 est,
1268 1801 1446 1890 quodcum
1468 1805 1506 1871 in

257 1910 430 1996 archetypo
465 1910 625 1978 archontis
654 1908 844 1977 Callimachi
871 1929 986 1977 nomen
1014 1910 1118 1978 solum
1145 1911 1318 1978 indicatum
1344 1913 1431 1992 esset
1462 1910 1505 1976 ab

259 2019 321 2086 alio
357 2017 438 2086 alius
473 2039 620 2086 numerus
648 2024 848 2106 computatus
865 2024 935 2119 est.
988 2018 1111 2086 Deinde
1138 2040 1201 2087 nou
1229 2019 1327 2086 aliam
1351 2019 1507 2102 originem

259 2127 412 2194 duxerunt
446 2147 526 2214 quae
559 2127 598 2192 de
626 2125 851 2214 Xenophonte,
887 2126 1021 2195 Platone
1056 2129 1249 2195 adnotentur
1288 2129 1342 2216 (cf.
1374 2147 1403 2214 p.
1434 2129 1506 2213 36).

259 2235 400 2322 Philippi
429 2237 758 2302 commemorationem
782 2239 875 2323 (283,
900 2237 1068 2319 75-284,
1092 2238 1152 2323 81)
1180 2257 1308 2304 causam
1331 2237 1427 2302 fuisse
1449 2255 1509 2301 no·

196 2385 199 2389 -
259 2346 349 2411 titias
372 2344 447 2410 illas
470 2344 552 2410 hunc
575 2343 734 2411 inlocum
758 2345 984 2433 transponendi
1007 2345 1213 2433 planum-est.
1252 2345 1316 2411 Sed
1330 2344 1409 2411 haec
1425 2365 1508 2430 quae

261 2454 301 2522 ab
337 2453 480 2520 omuibus
515 2453 616 2520 facilc
645 2453 853 2520 concedentur
880 2453 922 2519 ad
949 2455 1209 2541 compositionem
1240 2450 1510 2519 Pseudo-Plutar-

260 2562 409 2632 chearum
432 2563 571 2628 vitarum
586 2567 672 2629 recte
687 2562 937 2646 intellegendam
952 2564 1081 2628 minime
1097 2563 1308 2644 satisfaciunt,
1333 2560 1390 2628 sed
1404 2559 1510 2626 multo

261 2671 386 2755 longius
414 2692 486 2737 mea
512 2671 639 2757 quidem
662 2672 821 2737 sententia
843 2670 1105 2758 progrediendum
1127 2675 1178 2737 est
1199 2670 1240 2737 ad
1263 2669 1433 2757 pristinam
1457 2690 1511 2735 ar-

263 2780 393 2867 chetypi
417 2780 551 2845 formam
575 2781 679 2847 animo
703 2780 940 2847 restituendam.
956 2782 990 2845 et
1012 2779 1127 2862 gradm
1151 2798 1208 2865 per
1229 2798 1309 2865 quos
1332 2780 1419 2845 vitae
1434 2798 1511 2843 earn

263 2910 359 2976 quarn
382 2908 464 2955 nunc
487 2887 641 2975 praebent
663 2889 800 2975 speciem
823 2887 992 2969 induerint,
1017 2887 1202 2953 coniecturis
1226 2885 1449 2972 assequendos.

288 3056 289 3061 ,
353 2996 402 3063 De
431 2998 656 3083 compositione
684 2998 851 3083 archetypi
873 2995 974 3078 illius,
1003 2994 1108 3082 qualis
1130 2995 1209 3061 mihi
1232 2995 1329 3061 luisse
1352 2993 1509 3077 videntum,

265 3105 387 3187 abunde
423 3106 498 3172 dixi.
551 3106 599 3171 Ex
635 3107 716 3172 varii
744 3106 868 3189 generis
896 3104 937 3171 ad
965 3108 1081 3171 atticos
1108 3107 1251 3171 oratores
1278 3102 1510 3190 pertinentibus

266 3214 392 3300 scriptis
409 3235 456 3297 ea,
473 3234 553 3301 quae
570 3214 610 3279 ad
626 3234 722 3300 opera
738 3234 845 3279 eorum
860 3211 1076 3296 intellegenda
1091 3214 1166 3279 sciri
1180 3212 1391 3278 necessarium
1407 3212 1512 3277 visum

266 3327 316 3389 est
339 3327 371 3388 ct
395 3324 552 3389 orationes
574 3324 661 3409 ipsas
684 3326 718 3387 et
740 3323 825 3388 vitas
848 3325 1010 3387 oratorum
1032 3322 1220 3407 spectantia,
1250 3318 1380 3386 Caecilii
1402 3322 1511 3385 aetate

141 3498 147 3507 ,
265 3430 318 3497 vel
342 3434 454 3517 postea
476 3452 573 3495 uuum
596 3431 629 3495 in
654 3450 767 3515 corpus
795 3428 925 3496 redacta
951 3435 1027 3496 sunt
1052 3434 1149 3516 atque
1177 3430 1239 3510 ita,
1268 3431 1306 3494 ut
1331 3431 1512 3515 temporum

266 3560 431 3625 rerumque
454 3538 572 3604 ordinis
593 3560 689 3624 quam
703 3538 844 3603 maxima
859 3539 943 3604 ratio
958 3537 1137 3603 haberetur.
1178 3536 1241 3603 Sed
1255 3557 1295 3603 ue
1310 3537 1370 3603 hoc
1384 3534 1512 3622 quidem

267 3670 344 3735 opus
361 3669 409 3730 ea,
427 3669 522 3733 quam
538 3646 662 3734 reliqua
677 3650 822 3713 veterum
834 3648 963 3733 scripta,
980 3667 1171 3733 quamquam
1184 3644 1248 3712 alio
1259 3644 1363 3727 modo,
1381 3646 1513 3730 experta

268 3759 357 3838 suut,
382 3755 509 3821 fortuna
532 3755 647 3821 caruit:
684 3754 917 3838 additamenta,
943 3752 1205 3841 interpolationes
1228 3754 1309 3819 varii
1332 3753 1463 3848 generis
1478 3753 1512 3817 in

268 3866 450 3930 contextum
465 3864 658 3928 invaserunt.
698 3861 861 3929 Eiusmodi
877 3862 961 3929 enim
976 3863 1083 3928 omnia
1102 3882 1142 3927 ca
1161 3881 1229 3927 esse
1252 3859 1332 3925 mihi
1354 3858 1511 3942 videntur,

268 3971 381 4058 quibus
417 3974 450 4035 et
484 3969 568 4056 apud
594 3967 949 4036 Pseudo-Plutarchum
983 3973 1017 4035 et
1044 3969 1128 4055 apud
1155 3968 1305 4035 Photium
1332 3972 1513 4053 temporum

268 4098 434 4165 rerumque
479 4076 553 4143 ordo
597 4078 813 4165 perturbatum
859 4080 905 4145 sic
948 4077 1050 4145 iudico
1094 4077 1133 4143 de
1171 4074 1300 4143 PsPlut.
1342 4077 1423 4158 282,
1469 4077 1510 4139 27

271 4188 363 4251 -30
389 4183 482 4251 Phot.
513 4187 616 4250 leae
645 4188 802 4268 3740,
831 4206 912 4271 quae
941 4185 1047 4251 verba.
1065 4188 1195 4271 propter
1221 4183 1402 4251 simillimos
1429 4186 1514 4249 tute-

270 4293 348 4359 laris
381 4292 598 4379 Midianaeque
634 4314 797 4361 causarum
833 4294 936 4361 exitus
971 4292 1065 4359 illata
1098 4292 1178 4357 mihi
1212 4291 1368 4358 videntur.
1423 4290 1514 4356 Idem

273 4401 372 4466 sentio
398 4401 435 4466 de
458 4399 586 4467 PsPlut.
613 4404 692 4486 282,
723 4403 867 4469 43—52
890 4399 983 4468 Phot.
1010 4403 1075 4467 493
1098 4421 1115 4457 a
1139 4402 1278 4466 34—41
1306 4419 1387 4486 quae
1409 4398 1514 4465 locum

273 4558 488 4569 ..ω-...Ἠ

348 4636 411 4711 pv.
431 4639 589 4713 stupeum,
609 4640 730 4712 coerng.
747 4637 951 4699 ,celena-unz.
982 4636 1061 4691 rece.
1087 4652 1115 4709 a
1136 4635 1324 4691 reci-1cca.
1395 4658 1402 4667 ·
1508 4668 1512 4677 -
