3392 5300
771 438 992 506 ..37„.

256 639 386 686 nurnero
410 621 587 686 orationum
611 639 779 707 earumque
807 641 949 687 sermone
972 626 1062 705 agat,
1091 621 1203 688 deinde
1226 644 1327 709 pauca
1350 643 1397 705 ea,
1421 645 1502 711 quae

255 727 295 796 de
311 728 392 796 Isaei
417 730 485 796 vita
507 728 638 816 reperiri
661 731 820 815 poterant,
843 729 925 796 nude
950 729 1205 817 comprehendat.
1245 732 1282 797 In
1302 731 1363 799 hac
1378 754 1501 820 quoque

256 836 324 905 vita
347 837 430 924 apud
446 834 789 904 Pseudo-Plutarchum
812 858 960 904 numerus
976 840 1152 905 orationum
1170 841 1263 906 finem
1284 841 1370 907 facit.
1412 840 1501 919 Quod

255 945 296 1012 ad
335 945 539 1013 Aeschinis
577 947 677 1012 vitam
713 946 843 1028 attinet,
880 944 1009 1013 PsPlut.
1046 968 1075 1013 v.
1106 949 1188 1031 964,
1225 950 1367 1016 41-49
1407 949 1500 1036 plane

254 1044 446 1142 respondent
473 1055 588 1122 Photio
613 1059 716 1122 4906
745 1057 894 1138 39-35,
927 1057 1014 1122 cuius
1042 1054 1165 1143 plenius
1192 1056 1340 1123 iudicium
1364 1057 1501 1141 (ἔστιδὲ

256 1171 320 1240 τοῖς
353 1165 460 1244 λόγοις
494 1163 593 1230 αὑτοῦ
626 1164 744 1244 γλυκύς
779 1189 811 1227 rs
847 1165 996 1250 καθαρὸς
1027 1164 1081 1228 καὶ
1115 1165 1257 1251 εὐκρινὴς
1287 1165 1341 1229 καὶ
1372 1168 1407 1256 τῇ
1439 1169 1501 1229 τῶν

254 1273 492 1360 ἐνθυμημάτων
515 1277 674 1359 σαφηνείᾳ
697 1271 943 1359 σεμνυνόμενος)
959 1271 1099 1339 eiusdem
1115 1273 1243 1356 originis
1259 1276 1354 1360 atque
1370 1273 1497 1340 brevem

254 1379 418 1449 Plutarchi
453 1403 482 1449 v.
512 1385 555 1448 39
584 1382 776 1449 sententiam
805 1402 874 1448 esse
902 1383 935 1446 in
965 1385 1115 1468 promptu
1143 1385 1200 1447 est.
1254 1381 1301 1447 Ne
1333 1382 1499 1470 archetypi

255 1489 382 1576 quidem
417 1491 553 1577 priorem
587 1494 712 1577 partem
747 1488 975 1555 additamentis
1010 1491 1161 1570 caruisse,
1198 1489 1237 1554 de
1265 1511 1329 1576 qua
1356 1511 1389 1556 re
1416 1491 1500 1556 infra

255 1597 409 1681 dicemus,
446 1621 466 1664 6
488 1597 603 1666 Photio
632 1598 792 1680 docemur,
828 1599 882 1684 qui
911 1600 1013 1663 4902
1036 1600 1189 1662 41-64
1216 1597 1327 1664 eadem
1356 1598 1512 1685 praebete

254 1727 336 1792 quae
363 1705 527 1772 simillima
550 1707 652 1772 tonna
675 1706 759 1795 apud
781 1704 912 1774 PsPlut.
942 1710 1023 1791 964,
1052 1711 1094 1775 48
1118 1730 1165 1795 sq.
1192 1711 1268 1790 265,
1294 1709 1426 1774 51-56
1451 1709 1498 1774 16-

254 1815 429 1880 veniuntur.
473 1815 511 1880 In
532 1814 701 1902 Lycurgi
724 1815 792 1881 vita
814 1837 978 1882 numerum
1002 1817 1179 1881 orationum
1195 1820 1324 1902 atquae
1341 1816 1379 1882 de
1395 1817 1498 1884 causis

40 1895 66 1970 ¹·
177 2004 180 2010 Ι
253 1922 461 2010 complurium
496 1923 669 1992 afferuntur
704 1927 784 2007 976,
823 1927 887 1990 196
915 1928 950 1990 et
978 1925 1041 1989 133
1069 1946 1117 2010 sq.
1147 1944 1296 2008 magnam
1332 1929 1498 2012 parteme

253 2031 357 2117 priore
380 2032 546 2119 archetypi
570 2036 660 2120 parte
684 2032 810 2100 fluxisse
831 2032 910 2128 mihi
926 2054 1110 2119 persuasum
1126 2038 1184 2099 est.
1221 2033 1269 2098 De
1285 2032 1497 2120 Hyperidis

251 2141 321 2205 rita
344 2140 383 2207 cf.
408 2139 537 2208 PsPlut.
563 2143 639 2225 314,
666 2143 799 2208 54-56
823 2145 857 2208 et
876 2140 970 2206 Phot.
996 2142 1061 2207 495
1082 2144 1213 2208 61-9,
1251 2141 1288 2208 16
1311 2142 1497 2209 Dinarchi

252 2249 386 2336 denique
415 2250 497 2331 vita,
533 2248 695 2316 Proxenea
725 2271 820 2316 causa
842 2254 1091 2316 commemorata
1113 2249 1222 2336 (Dion.
1252 2249 1327 2315 Hal.
1353 2249 1392 2315 66
1421 2248 1495 2316 Din.

251 2357 315 2423 iud.
352 2379 381 2444 p.
414 2357 478 2424 635
507 2358 562 2425 u:
598 2357 690 2434 οὗτος
716 2355 815 2442 perd
844 2363 912 2442 βίος
940 2357 1104 2444 τάνδρὸς),
1140 2378 1210 2424 cum
1244 2355 1358 2423 Photio
1395 2361 1497 2424 496³

252 2468 407 2532 ro-ot
445 2468 665 2534 convenienter
699 2489 846 2534 numerus
881 2468 1059 2532 orationum
1090 2465 1286 2549 adiungitur,
1322 2465 1361 2531 66
1384 2487 1496 2550 genere

250 2574 374 2642 dicendi
408 2574 561 2641 nonnulla
596 2575 805 2664 disputentur.
862 2573 910 2641 De
934 2571 1192 2660 Antiphontis
1222 2571 1496 2640 Pseudo-Plutar-

249 2683 329 2750 chea
363 2684 432 2749 vita
465 2682 619 2750 disserere
646 2683 679 2748 in
708 2681 856 2749 ultimum
882 2680 986 2749 locum
1014 2682 1140 2765 distuli,
1176 2682 1259 2769 quod
1294 2685 1495 2767 sententiam,

251 2814 347 2880 quarn
371 2792 410 2859 de
433 2792 599 2878 archetypi
622 2788 1023 2858 Pseudo-Plutarchearum
1046 2811 1084 2856 ac
1106 2788 1334 2856 Photianarnm
1358 2791 1496 2855 vitarum

249 2902 423 2968 communis
446 2901 549 2966 torma
572 2920 668 2986 supra
690 2899 850 2986 professus
872 2920 952 2980 sum,
977 2900 1096 2986 optime
1120 2898 1323 2984 comprobare
1347 2898 1425 2963 mihi
1449 2898 1495 2964 vi·

210 3085 217 3091 ,
248 3010 350 3077 detur.
387 3008 506 3076 Contra
529 3029 600 3075 eam
616 3009 710 3090 enim,
734 3028 830 3094 quarn
846 3008 879 3072 in
895 3006 1026 3094 reliquis
1041 3005 1186 3073 omnibus
1204 3007 1277 3073 vitis
1293 3006 1494 3072 observatam

248 3119 401 3200 videmus,
426 3116 691 3199 consuetudinem,
715 3136 778 3181 non
801 3114 903 3181 solurn
927 3116 1105 3181 orationum
1128 3136 1291 3181 numerum
1314 3114 1371 3180 sed
1394 3115 1492 3179 ctiam

247 3227 406 3295 rhetorica
429 3226 544 3292 iudicia
566 3227 707 3291 extremo
730 3223 800 3291 loco
823 3223 1023 3307 adiungendi,
1047 3224 1081 3289 in
1095 3222 1303 3309 Antiphontis
1329 3224 1395 3289 vita
1415 3221 1493 3289 an-

248 3334 398 3402 cilianurn
421 3334 571 3401 iudicium
595 3332 747 3421 (Burckh.
770 3355 801 3421 p.
820 3334 879 3419 26)
904 3338 937 3399 et
952 3332 1129 3399 orationum
1144 3352 1291 3397 numerus
1315 3330 1366 3418 (B.
1385 3353 1415 3418 p.
1434 3333 1492 3417 27)

248 3444 288 3509 ab
313 3442 520 3531 Antiphontis
548 3462 653 3509 rerum
682 3444 862 3508 narratione
891 3442 1033 3508 seiuncta
1060 3439 1271 3506 inveniuntur.
1319 3437 1408 3516 Quod
1431 3460 1493 3505 non
1595 3490 1598 3496 .

247 3572 323 3619 casu
351 3553 507 3633 evenisse,
544 3551 599 3617 sed
628 3550 793 3637 archetypi
820 3550 962 3617 ordinem
992 3572 1013 3615 6
1034 3547 1382 3616 PseudoPlutarcheae
1406 3548 1492 3613 vitae

247 3662 399 3748 scriptore
423 3660 540 3747 partim
564 3664 724 3725 servatum
745 3661 863 3747 partim
880 3663 1037 3725 mutatum
1052 3679 1121 3725 esse
1136 3656 1244 3723 Photii
1259 3656 1492 3742 comparatione

247 3770 280 3835 in
304 3768 391 3835 clara
418 3767 488 3833 luce
516 3769 652 3854 ponitur.
699 3767 788 3835 Haec
813 3769 897 3834 enim
920 3767 1085 3853 archetypi
1108 3766 1233 3831 videtur
1257 3765 1351 3830 tuisse
1376 3764 1491 3829 forme:

246 3879 349 3964 primo
372 3876 445 3943 loco
458 3876 689 3963 Antiphontem
712 3877 848 3963 primum
873 3874 945 3941 eliis
969 3875 1127 3940 orationes
1143 3874 1305 3959 scripsisse
1330 3871 1439 3959 (Thuc.
1459 3876 1490 3954 8,

248 3986 306 4071 68)
330 4004 388 4051 666
410 3990 472 4050 666
496 3988 597 4050 artem
620 3982 786 4070 reliquisse
802 3983 981 4071 expositum
996 3987 1076 4065 erat,
1101 3982 1213 4049 deinde
1237 3981 1275 4047 de
1292 3980 1412 4047 dicendi
1438 4001 1492 4065 ge-

242 4114 320 4159 nere
348 4097 381 4159 ct
409 4092 447 4159 de
474 4113 602 4159 numero
631 4094 806 4158 orationum
836 4091 973 4159 Caecilio
1001 4092 1157 4178 imprimis
1185 4094 1311 4156 auctore
1336 4086 1489 4175 (Burclrh.

246 4202 283 4269 ir.
311 4205 341 4285 l,
367 4205 397 4284 2,
423 4203 459 4287 5)
483 4203 620 4289 penitius
644 4204 750 4267 actum
773 4206 832 4284 est,
856 4205 925 4267 tum
949 4200 1074 4266 demum
1098 4200 1165 4264 vita
1181 4198 1326 4264 continue
1343 4201 1491 4263 enarrata

246 4314 305 4377 est.
339 4308 432 4388 Quae
456 4308 631 4395 archetypi,
656 4309 748 4375 huius
771 4329 894 4396 quoque
918 4308 1144 4375 additamentis
1167 4308 1334 4393 praecipue
1358 4326 1397 4371 ex
1420 4325 1491 4371 ora-

244 4420 324 4485 toris
359 4439 430 4485 curn
464 4419 585 4501 tragico
615 4420 710 4504 poeta
737 4420 771 4482 et
799 4416 943 4503 sophista
974 4416 1209 4500 cognominibus
1244 4414 1490 4480 commutatione

245 4531 358 4615 postea
379 4528 506 4593 insertis
523 4525 697 4613 depravati,
720 4526 822 4591 forma
837 4526 872 4590 in
886 4523 993 4590 Photii
1009 4528 1095 4590 vitae
1111 4526 1214 4611 priore
1231 4527 1322 4609 parte
1338 4520 1490 4588 facillime

244 4636 456 4725 cognoscitur,
484 4654 557 4701 cnm
578 4631 927 4704 Pseudo-Plutarcheae
956 4636 1066 4702 auctor
1089 4631 1256 4723 archetypi
1279 4629 1420 4700 ordinem
1443 4630 1491 4698 ita
