3392 5300
833 437 1055 502 ..23-

325 615 418 682 rebus
452 636 548 701 quam
583 618 709 702 poterat
736 614 886 703 explevit.
934 615 987 683 Sic
1009 617 1091 684 arcis
1119 616 1238 682 deditio
1272 638 1344 682 eum
1367 639 1458 704 quern
1482 639 1563 683 nnnc

325 723 423 790 habet
445 745 561 789 annum
585 724 744 790 obtinuit«

416 832 451 898 Si
473 834 538 898 iam
561 835 594 899 in
617 833 748 900 Diodori
777 837 957 900 narratione
986 835 1172 902 excutienda
1199 837 1371 922 pergimus,
1402 834 1442 900 ad
1470 857 1495 901 c.
1522 838 1562 901 78

326 941 409 1032 unde
442 943 573 1028 profecti
610 964 730 1024 sumus,
771 946 980 1031 pervenimus.
1038 943 1203 1011 Plutarchi
1237 946 1432 1031 comparatio
1467 944 1563 1010 alium

326 1049 366 1114 ab
396 1050 454 1117 hoc
484 1049 580 1116 alium
610 1073 630 1116 a
657 1051 795 1118 Diodoro
824 1053 857 1118 in
881 1052 1004 1120 Thrasii
1033 1054 1158 1140 incepto
1187 1053 1360 1119 enarrando
1388 1053 1564 1119 adhibitum

326 1179 394 1224 esse
423 1156 558 1225 dilucide
586 1157 698 1226 effecit.
746 1158 832 1237 Quae
860 1162 1019 1226 sententia
1047 1161 1167 1226 duobus
1190 1181 1228 1226 ex
1252 1161 1361 1227 eodem
1385 1163 1489 1248 capite
1513 1184 1565 1249 pe-

326 1267 395 1332 titis
419 1269 612 1350 argumentis
636 1268 813 1333 confirmari
838 1268 917 1333 mihi
932 1268 1074 1350 videtum·
1090 1269 1204 1355 quibus
1220 1270 1470 1336 observationem
1486 1271 1565 1336 hanc

327 1377 510 1461 praemitto:
536 1375 670 1459 legimus
682 1376 765 1462 apud
778 1376 952 1443 Diodorum
965 1380 1018 1457 77,
1035 1384 1053 1441 5
1068 1377 1284 1461 magnitudine
1296 1376 1565 1462 Carthaginiensis
1658 1392 1659 1411 ¹

327 1484 480 1549 exercitus
508 1487 670 1570 comperta
698 1484 927 1551 Timoleontem
962 1485 1082 1550 bellurn
1109 1505 1181 1551 cnm
1209 1484 1324 1552 Hiceta
1356 1489 1565 1573 composuisse

326 1591 410 1678 quod
437 1590 608 1660 Plutarcho
644 1615 755 1681 parum
791 1596 952 1675 convenit,
988 1596 1042 1681 qni
1077 1614 1237 1660 unacum
1265 1593 1358 1660 rebus
1386 1594 1566 1660 aDiodoro

327 1700 474 1768 similiter
496 1703 529 1768 in
552 1723 577 1769 c.
597 1705 638 1767 72
662 1705 799 1770 narratis
815 1702 963 1770 Hicetam
986 1701 1218 1770 aPimoleoute
1241 1707 1384 1769 coactum
1400 1702 1566 1788 tyrannide

327 1830 395 1876 sese
424 1809 641 1877 abdicaturum
670 1811 848 1899 pollicitum
877 1833 946 1878 esse
974 1811 1091 1878 diserte
1114 1810 1216 1877 affort.
1264 1810 1327 1876 Sed
1349 1812 1478 1876 maioris
1500 1831 1566 1875 mo-

326 1919 511 2000 mentiost,
541 1919 624 2006 quod
647 1919 785 1986 Diodoro
809 1925 936 1988 auctore
961 1922 1031 2007 (78,
1048 1921 1081 2006 2)
1106 1919 1145 1984 τὰ
1168 1918 1281 2004 πλήθη
1305 1959 1347 1967 -
1372 1919 1564 1995 mercenarii,

326 2025 531 2114 Syracusani,
568 2029 643 2094 socii
674 2069 716 2078 -
746 2049 841 2114 quam
869 2029 1032 2095 celerrime
1059 2029 1092 2094 in
1120 2027 1272 2093 barbaros
1298 2047 1367 2093 sese
1390 2026 1461 2092 duci
1484 2024 1566 2092 velle

327 2155 448 2201 summo
477 2135 587 2202 ardore
616 2135 848 2218 clamaverunt,
880 2158 897 2202 e
925 2134 1090 2203 Plutarchi
1119 2139 1226 2202 autem
1255 2135 1407 2202 relatione
1436 2137 1477 2221 (c.
1509 2136 1566 2218 25)

326 2243 593 2329 Syracusanorum
622 2246 720 2310 animi
744 2249 869 2311 tantum
892 2247 1190 2332 compresserant,
1220 2249 1256 2310 ut
1278 2265 1371 2327 aegre
1394 2245 1458 2308 tria
1480 2242 1568 2308 milia

327 2373 415 2418 amna
449 2373 560 2439 capere
590 2353 751 2419 auderent.
805 2352 927 2419 Deinde
956 2352 995 2419 de
1023 2373 1152 2418 numero
1175 2351 1380 2418 Timoleontis
1407 2353 1567 2438 copiarum

315 2459 408 2550 'alius
431 2460 528 2527 aliem
551 2463 706 2528 rationem
729 2463 879 2548 sequitur.
919 2461 1076 2528 Diodorus
1099 2463 1183 2528 enim
1206 2459 1315 2541 tradit,
1340 2458 1568 2526 Timoleontem

327 2589 388 2635 non
406 2569 477 2656 plus
506 2569 668 2636 duodecim
697 2569 788 2636 milia
816 2572 942 2636 omnino
971 2590 1076 2636 secum
1104 2569 1239 2653 duxisse,
1264 2570 1314 2634 cui
1337 2588 1465 2633 numero
1488 2587 1568 2654 quae

327 2677 538 2765 subsequntnr
560 2677 655 2765 plene
679 2679 884 2765 respondent:
920 2679 1134 2756 ἑξαπλασίους
1156 2680 1218 2764 γὰρ
1240 2678 1337 2753 ὄντας
1353 2679 1425 2752 τοὺς
1439 2683 1568 2763 Καρχη-

325 2786 448 2862 δονίους
475 2787 531 2851 κτλ
555 2790 624 2874 (78,
641 2788 673 2874 5)
703 2789 741 2854 cf.
768 2791 821 2871 77,
845 2795 864 2851 4
887 2790 991 2871 (εἱχυν
1012 2787 1048 2852 δὲ
1075 2787 1270 2870 σύμπαντας
1298 2826 1340 2835 »-
1370 2786 1488 2862 πεζοὺς
1509 2784 1569 2867 μὲν

325 2896 457 2967 πλείους
481 2899 542 2961 cciv
564 2895 829 2983 ἑπτακισμυρίων,
852 2896 964 2972 intrate
986 2896 1022 2961 δὲ
1043 2896 1097 2960 καὶ
1111 2893 1240 2983 ἅρματα
1255 2894 1308 2959 καὶ
1323 2894 1497 2979 συνωρίδας
1512 2892 1569 2959 oda

325 3002 472 3079 ἐλάττους
496 3007 559 3069 τῶν
580 3010 725 3091 μυρίων).
773 3005 949 3073 Diodorens
972 3007 1069 3089 igitur
1091 3005 1161 3071 fons
1189 3003 1331 3090 peditum
1366 3004 1568 3089 equitumque

326 3135 471 3182 numeros
507 3135 646 3182 seorsum
682 3114 778 3181 dedit.
832 3114 1022 3182 Plutarchus
1050 3135 1087 3180 eo
1121 3113 1240 3192 differt,
1276 3111 1359 3199 quod
1387 3113 1451 3177 tria
1478 3110 1569 3176 milia

326 3222 595 3307 Syracusanorum
617 3228 651 3289 et
673 3229 808 3310 quatuor
830 3224 1092 3290 mercenariomm
1109 3220 1337 3287 Timoleontem
1361 3224 1484 3286 secutos
1500 3240 1567 3285 esse

325 3330 458 3413 indicat;
495 3331 686 3417 reliquorum
715 3331 907 3412 Siculorum,
944 3333 997 3418 qui
1025 3332 1058 3396 iu
1086 3351 1191 3416 pugna
1220 3333 1261 3415 (c.
1288 3330 1346 3414 27)
1381 3348 1568 3394 commemo

327 3444 436 3505 rantur
446 3441 486 3524 ¹),
516 3439 638 3505 nullam
666 3441 858 3507 mentionem
887 3441 977 3518 iacit,
1006 3438 1090 3524 quod
1118 3458 1176 3525 per
1198 3458 1232 3503 se
1254 3435 1336 3502 nihil
1365 3435 1486 3502 valeret
1509 3436 1567 3501 nisi

325 3569 365 3614 ne
400 3552 560 3614 auctorem
596 3552 662 3615 eius
697 3548 824 3635 quidem
852 3548 890 3613 de
919 3549 1073 3614 sociomm
1101 3566 1230 3611 numero
1257 3544 1332 3631 qnid
1359 3544 1568 3610 tradidisses

326 3657 528 3743 sequentihus
552 3658 656 3723 verbis
679 3657 749 3724 luce
766 3656 883 3723 clarius
898 3658 991 3723 esset.
1028 3653 1108 3720 Onm
1123 3655 1326 3740 septuaginta
1340 3653 1424 3718 enim
1440 3651 1567 3717 milibus

326 3765 464 3831 hostium
481 3767 534 3851 (cf.
553 3765 648 3852 paulo
665 3770 738 3831 ante
756 3765 841 3831 diota
865 3764 1003 3844 ἄγοντας
1025 3762 1109 3827 ἑπτὰ
1124 3761 1280 3848 μυριάδας
1301 3763 1444 3847 στρατοῦ,
1470 3762 1568 3827 idest

326 3877 359 3939 et
387 3873 529 3959 peditum
558 3877 591 3938 et
619 3874 773 3960 equitnm)
809 3872 899 3939 mille
933 3874 1134 3938 mercenariis
1149 3913 1153 3919 -
1169 3870 1236 3937 illis
1264 3870 1405 3936 deductis
1433 3872 1567 3956 quinque

326 3980 416 4046 milia
444 3980 586 4068 peditum
615 3985 648 4047 et
669 3981 757 4047 mille
787 3986 908 4068 equites
936 3986 1172 4068 comparantur,
1203 3979 1286 4066 quod
1309 4000 1479 4065 numquam
1503 3978 1568 4043 fieri
1661 4033 1662 4054 2

327 4091 440 4176 potuit,
466 4092 493 4156 si
517 4092 670 4156 sociomm
693 4112 840 4157 numerus
864 4090 959 4177 paulo
983 4096 1057 4156 ante
1080 4090 1228 4156 definitus
1251 4092 1328 4153 erat.

417 4198 506 4265 Haec
541 4202 619 4265 satis
653 4220 721 4267 esse
756 4199 833 4265 mihi
864 4199 1010 4266 videntur
1037 4199 1079 4264 ed
1107 4220 1177 4264 eam
1205 4219 1301 4284 quam
1329 4218 1424 4283 supra
1452 4195 1568 4283 protuli

328 4308 520 4373 sententiam
547 4308 821 4395 comprobandam.
876 4308 910 4375 Si
938 4329 1012 4375 vero
1036 4307 1225 4374 Plutarchus
1253 4305 1381 4372 Timaeo
1408 4306 1442 4371 in
1465 4304 1568 4371 Timo

328 4415 444 4482 leontis
467 4416 536 4482 vita
559 4418 782 4486 conscribenda
805 4420 955 4505 primario
979 4416 1031 4484 vel
1054 4416 1133 4482 adeo
1155 4418 1246 4483 unico
1270 4419 1396 4482 anctore
1420 4436 1494 4481 usus
1511 4417 1567 4494 est,

403 4651 422 4722 ¹)
442 4656 475 4711 τὰ
493 4658 542 4723 μὲν
559 4659 658 4727 κέρατα
676 4662 730 4722 τοῖς
748 4656 838 4721 ἄλλοις
857 4656 1021 4721 Σικελιώταις
1039 4659 1173 4712 ἀπέδωκεν
1190 4655 1243 4710 κτλ.
