3392 5300
663 442 884 508 -29-

152 647 300 710 magnam
339 630 462 712 partem
497 624 655 690 Diodorea
689 622 895 690 Timoleontis
929 643 1033 689 rerum
1071 622 1228 688 enarratio
1264 620 1392 688 Timaeo

153 734 362 801 abiudioanda
389 739 446 800 est.
496 733 579 799 Nam
607 732 729 818 reliqua
757 753 878 820 quoque
907 733 1027 819 capita,
1057 753 1137 819 quae
1164 714 1246 799 nunc
1269 732 1394 816 singula

153 845 366 931 pervestigare
396 843 522 923 omitto,
558 863 749 928 quamquam
778 841 962 929 plerumque
991 863 1186 908 communem
1220 863 1291 908 cum
1319 840 1394 907 Plu-

152 953 263 1020 teroho
287 953 473 1018 relationem
496 951 626 1017 reddere
649 951 795 1017 videntur
806 954 839 1036 1),
869 955 977 1016 tamen
1000 951 1219 1037 discrepantiis
1242 949 1395 1016 eiusmodi
1435 1038 1437 1041 Ι

153 1083 215 1127 non
243 1066 365 1141 carent,
402 1082 482 1148 quae
512 1060 552 1126 ad
581 1059 679 1125 alium
707 1066 867 1126 auctorem
894 1061 1070 1126 necessario
1099 1058 1230 1125 Diodori
1256 1060 1395 1124 rationes

153 1174 245 1235 caute
269 1170 480 1256 expendentes
503 1190 560 1235 nos
583 1169 706 1236 ducant.
747 1168 819 1250 Sed,
844 1172 991 1254 utsupra
1006 1168 1080 1250 dixi,
1105 1169 1322 1255 quaestionem
1339 1166 1394 1232 ab·

154 1277 275 1344 solvere
298 1299 361 1344 non
384 1277 462 1342 mihi
486 1279 680 1364 propositum
703 1282 761 1344 est.

244 1387 397 1465 Quoniam
433 1391 606 1454 sententias
635 1388 735 1454 adhuc
764 1387 905 1474 prolatas
927 1388 1083 1473 imprimis
1106 1385 1261 1452 notandas
1289 1406 1395 1452 recen-

154 1498 211 1576 sui,
236 1516 316 1561 nunc
340 1517 444 1561 meum
468 1497 519 1571 sit,
549 1516 628 1582 quae
652 1497 713 1581 ipsi
736 1495 813 1560 mihi
837 1493 875 1560 de
899 1494 1078 1560 auctoribus
1102 1516 1121 1558 a
1144 1493 1282 1560 Diodoro
1306 1493 1395 1559 adhi-

157 1605 230 1672 bitis
253 1604 422 1671 statuenda
444 1604 619 1685 videantur,
644 1607 819 1671 accuratius
840 1604 1007 1691 explicare.
1043 1603 1106 1670 Sed
1122 1605 1233 1684 fateor,
1257 1603 1395 1669 nondum

154 1711 233 1777 mihi
263 1711 444 1795 contigisse,
474 1716 510 1778 ut
537 1716 590 1778 uni
614 1734 651 1778 ex
675 1713 846 1792 historiam,
876 1733 953 1798 quos
975 1711 1098 1798 Paok2)
1122 1713 1319 1778 enumeravit
1340 1715 1396 1776 aut

154 1821 289 1908 priorem
326 1825 381 1885 aut
416 1819 551 1886 alteram
580 1820 711 1887 duarum
739 1820 882 1901 illarum,
918 1842 997 1907 quas
1026 1821 1143 1886 eruisse
1170 1819 1248 1884 mihi
1276 1819 1394 1902 uideor,

154 1926 343 1993 relationum
383 1930 584 1995 vindicarem.
640 1927 849 2006 Quamobrem
887 1950 927 1995 ne
962 1928 1095 1994 aliorum
1129 1931 1304 1995 sententias
1337 1929 1396 1992 im·

154 2056 309 2120 pugnare,
334 2037 401 2122 ipse
425 2041 531 2101 autem
554 2036 676 2102 nullam
701 2037 838 2122 proferre
863 2057 956 2123 posse
978 2036 1102 2118 uidear,
1132 2038 1259 2102 minime
1283 2038 1394 2118 time03
1468 2110 1472 2123 k

154 2144 177 2208 ii
201 2145 254 2229 qui
277 2143 349 2210 huic
372 2146 550 2242 quaestioni
574 2144 714 2230 aliquam
738 2165 844 2211 curam
869 2144 1080 2230 impenderint
1107 2145 1200 2210 facile
1223 2145 1302 2212 mihi
1324 2164 1396 2210 oon·
1507 2143 1509 2147 ’

155 2251 280 2333 cedent,
310 2254 425 2318 rectius
448 2274 517 2320 esse
541 2255 573 2318 in
597 2254 781 2319 miserrimis
804 2253 1023 2320 historicorum
1046 2251 1174 2318 illorum
1197 2273 1325 2338 operum
1349 2273 1397 2318 re-

30 2370 42 2381 *
154 2359 261 2446 liquiis
284 2365 388 2427 tacere
413 2383 509 2446 quam
532 2363 725 2428 coniecturas
747 2364 831 2427 omni
848 2360 1073 2448 probabilitate
1089 2365 1231 2427 carentes
1247 2361 1394 2447 proferre.

154 2465 253 2552 Spero
278 2468 343 2534 lore
367 2473 403 2534 ut
426 2469 540 2554 aliquis
564 2490 615 2534 me
639 2468 760 2534 doctior
782 2470 999 2554 quaestionem
1014 2469 1095 2534 hanc
1111 2468 1152 2534 ad
1168 2471 1286 2534 iustum
1301 2468 1396 2533 finem

155 2575 306 2661 perducat
333 2580 428 2663 atque
452 2599 608 2643 summum
632 2579 906 2665 operaepretium
928 2579 1005 2673 milri
1029 2579 1211 2661 contigerit,
1240 2579 1267 2643 si
1291 2573 1411 2663 dispu'

154 2686 235 2751 tatio
259 2706 330 2751 mea
353 2707 415 2753 non
439 2688 555 2753 frustra
578 2688 726 2753 instituta
749 2689 776 2753 ei
799 2687 966 2754 videbitur.

667 2925 884 2935 w

464 3162 516 3243 ll.
556 3156 622 3242 D'e
655 3162 750 3242 vitis
783 3160 1091 3263 Demosthenis.
1138 3227 1140 3230 .

244 3335 292 3401 De
321 3337 395 3401 vitis
419 3335 642 3401 Demosthenis
670 3356 751 3422 quae
780 3333 1007 3415 aPlutaroh0‚
1037 3334 1077 3400 ab
1105 3340 1231 3401 auctore
1259 3337 1396 3401 vitarum

154 3444 262 3510 decem
279 3450 448 3524 oratorum,
472 3465 491 3508 a
507 3442 629 3524 Plotio,
655 3442 797 3523 hibernie,
822 3442 955 3524 Zosimo,
977 3463 1014 3508 eo
1030 3444 1084 3528 qui
1100 3442 1194 3526 vulgo
1209 3442 1395 3529 Anonymus

153 3554 262 3633 fertur,
292 3551 388 3617 Suida
411 3554 546 3638 scriptae
570 3552 610 3618 ad
633 3572 690 3618 nos
714 3557 923 3638 pervenerunt
946 3551 1089 3617 omnibus
1112 3553 1300 3618 coniunctim
1324 3556 1396 3637 post

153 3659 459 3745 Westermannum³)
483 3681 574 3726 nemo
592 3662 766 3727 accuratius
782 3661 966 3746 disputavit,
991 3660 1047 3725 sed
1070 3680 1120 3726 vv,
1138 3659 1189 3725 dd.
1207 3664 1263 3725 aut
1285 3661 1318 3725 in
1329 3662 1396 3754 sin-

154 3766 299 3850 gularum
327 3770 463 3862 vitarum
491 3770 714 3854 compositione
743 3768 940 3853 fontibusque
964 3766 1162 3853 exquirendis
1185 3787 1255 3833 cum
1278 3768 1396 3832 maiore

153 3874 206 3941 rel
234 3876 352 3942 minore
381 3874 606 3963 probabilitate
634 3877 751 3942 versati
779 3879 853 3942 suut
881 3881 936 3941 aut
964 3876 1002 3941 de
1030 3878 1152 3941 ratione
1181 3878 1396 3942 universarum
1425 3895 1427 3898 ·

153 3989 222 4049 tam
245 3988 420 4067 generatim
443 3985 658 4051 iudicavenmt
680 3989 716 4051 ut
738 3990 825 4051 corta
847 3984 1003 4071 quaedam
1026 3984 1125 4051 firmis
1145 3983 1290 4052 stabilita
1304 4004 1396 4067 argu·

153 4094 269 4158 mentis
298 4096 454 4159 sententia
481 4093 589 4158 haberi
618 4097 762 4179 nequeat.
811 4092 933 4180 Operae
960 4094 1057 4176 igitur
1085 4095 1222 4180 pretium
1248 4092 1327 4158 milri
1350 4093 1396 4158 vi-

154 4200 259 4282 detur,
296 4202 483 4287 praesertim
518 4221 587 4266 cum
623 4222 661 4266 ea
694 4223 774 4289 quae
802 4200 1020 4268 Westermann
1049 4202 1087 4267 de
1116 4204 1190 4268 ritis
1219 4200 1333 4267 statuit
1366 4201 1395 4265 ei

231 4468 251 4539 ¹)
271 4476 303 4527 el.
324 4477 431 4529 Meltzar
449 4476 477 4527 in
497 4474 585 4527 Fleok.
606 4492 669 4529 ann.
689 4480 708 4529 t.
732 4476 782 4530 107
801 4494 827 4546 p.
848 4475 992 4531 ael-237
1012 4480 1040 4530 et
1057 4478 1077 4531 t.
1099 4478 1148 4529 lll
1168 4492 1195 4543 p.
1217 4473 1270 4527 734
1289 4489 1328 4543 sq.

228 4558 239 4591 ¹
290 4565 369 4619 .189
388 4582 427 4619 s.

228 4563 446 4721 ’lbuaesuoiles
465 4656 695 4711 Demosthenioae.
733 4657 798 4711 Pars
817 4658 863 4713 IV.
902 4658 1008 4726 Lipsiae
1029 4656 1106 4712 1837.
