3392 5300
635 442 863 510 -9-·‘

118 624 216 707 detur,
241 622 316 711 qnid
340 625 405 691 eius
428 625 581 707 interfuit,
606 623 819 692 Philomelum
835 629 904 691 tam
919 625 1036 692 diserte
1051 627 1210 711 sacrilegii
1225 629 1354 694 crimine

116 732 263 819 purgari?
315 732 401 799 Talis
429 737 538 799 auctor
564 731 650 800 baud
677 732 770 799 dubie
796 730 1025 817 Philomelam,
1054 735 1180 801 etiamsi
1207 737 1355 823 pecunias

117 844 276 908 mutuatus
300 845 394 923 esset,
417 861 480 907 non
500 841 678 928 spoliasset,
702 842 735 906 in
750 835 919 927 ἱεροσύλων
933 863 1061 908 numero
1076 842 1270 930 protulisset.
1309 845 1356 910 At

117 949 266 1036 spoliavit
287 949 484 1016 Philomelus
507 947 662 1035 templum
686 969 724 1014 ex
749 949 903 1031 eiusdem,
932 954 968 1015 ut
990 949 1057 1016 illis
1068 953 1092 1036 ¹)
1116 953 1192 1018 viris
1220 952 1353 1034 videtur,

118 1059 251 1124 auctoris
279 1059 438 1125 sententia
466 1061 506 1144 (c.
539 1057 664 1143 32,1)!
718 1057 826 1123 Omnis
863 1079 936 1123 vero
971 1051 1127 1125 dubitatio
1163 1059 1201 1126 de
1236 1059 1355 1126 duobus

117 1165 294 1232 auctoribus
317 1163 500 1247 aDiodoro,
526 1165 589 1233 alio
613 1167 645 1231 in
669 1187 694 1233 c.
715 1167 859 1247 28-30,
883 1165 947 1232 alio
970 1168 1004 1233 in
1027 1188 1052 1235 c.
1080 1169 1132 1250 56,
1150 1175 1178 1245 5,
1204 1167 1355 1234 adhibitis

116 1274 269 1359 reliquam
293 1294 319 1340 c.
343 1274 385 1338 56
409 1277 532 1360 partem
555 1275 726 1360 inquirenti
748 1273 900 1340 radicitus
923 1276 1087 1341 excutitur.
1134 1273 1244 1359 Pergit
1271 1277 1355 1342 enim

116 1381 270 1448 Diodorus
286 1383 319 1446 in
335 1381 509 1465 sacrilegiis
524 1380 731 1448 Phocensium
748 1383 967 1450 enumerandis
983 1387 1078 1470 atque
1095 1382 1134 1449 de
1147 1383 1353 1465 Onomarcho,

116 1512 208 1576 quem
231 1491 362 1556 fratrem
382 1488 552 1556 Philomeli
575 1489 656 1556 falso
680 1489 838 1577 appellat,
864 1490 942 1557 haec
965 1490 1071 1557 affert:
1100 1490 1118 1556 ὁ
1143 1491 1178 1555 δὲ
1200 1492 1356 1578 δεύτερος,

116 1599 424 1687 προςαγορευόμενος
438 1599 497 1681 μέν
512 1599 716 1686 Ὀνόμαρχος,
737 1598 880 1683 ἀδελφὸς
894 1599 925 1663 δ’
940 1597 986 1663 ὧν
1004 1599 1199 1684 Φιλομήλου,
1220 1600 1356 1664 πλεῖστα

118 1711 177 1771 τῶν
200 1709 255 1772 τοῦ
277 1707 359 1772 θεοῦ
382 1707 554 1793 χρημάτων
577 1707 865 1793 κατεδαπάνησεῖ).
906 1706 954 1773 De
978 1707 1088 1772 ecdem
1105 1705 1301 1773 Onomarcho
1321 1707 1355 1771 in

116 1819 266 1902 perpetua
282 1813 359 1880 belli
375 1815 553 1880 narratione
569 1813 827 1897 haec-leguntur:
858 1835 885 1881 c.
907 1816 996 1896 33,2
1018 1815 1052 1878 ἐκ
1074 1814 1133 1914 μὲν
1157 1817 1211 1880 τοῦ
1233 1816 1354 1896 χαλκοῦ

115 1925 166 1988 καὶ
193 1923 322 2010 σιδήρου
348 1920 578 1988 κατεσκεύασεν
604 1918 716 1986 ὅπλων
743 1923 890 2008 πλῆθος,
917 1922 951 1986 έκ
978 1922 1013 1986 δέ
1041 1924 1097 1986 τοῦ
1124 1921 1274 2010 ἀργυρίου
1302 1925 1354 1987 καὶ

114 2036 240 2118 χρυσίου
264 2031 401 2113 νόμισμα
424 2030 532 2116 κόψας
556 2041 623 2104 ταῖς
647 2054 680 2092 τε
707 2029 945 2112 συμμαχούσαις
968 2030 1101 2094 πόλεσιν
1123 2031 1260 2094 διεδίδου
1282 2032 1351 2099 κτλ.

116 2138 196 2217 Quos
226 2139 303 2204 dnos
331 2138 416 2205 locos
443 2137 598 2224 quomodo
621 2136 839 2225 Volquardsen
863 2142 897 2203 et
918 2136 1007 2204 Pack
1030 2137 1131 2203 eidem
1155 2139 1275 2205 auctori
1297 2140 1354 2205 tri-

116 2247 207 2332 buere
235 2246 409 2332 potuerint,
438 2266 500 2311 non
529 2265 691 2332 assequor3
721 2251 787 2312 tam
816 2246 965 2313 contrarii
993 2247 1054 2312 sibi
1081 2251 1168 2329 sunt,
1200 2251 1237 2312 ut
1263 2246 1354 2332 plura

115 2353 212 2431 verba
239 2353 277 2419 de
305 2354 344 2419 iis
373 2354 476 2420 facere
504 2355 569 2420 iam
593 2375 656 2420 non
679 2375 756 2443 opus
780 2355 836 2436 sit,
865 2375 940 2420 nam
963 2352 1002 2419 de
1025 2352 1135 2419 codem
1159 2353 1354 2420 Onomarcho

116 2461 248 2528 eundem
271 2463 430 2528 auctorem
456 2461 519 2528 alio
547 2461 616 2529 loco
645 2462 731 2528 aliud
760 2461 930 2545 iudicasse,
960 2462 1030 2548 quis
1057 2460 1118 2528 sibi
1146 2462 1353 2548 persuadeat?

115 2569 162 2635 De
190 2567 342 2656 Phayllo,
373 2568 561 2638 Onomarchi
588 2572 700 2656 fratre,
730 2573 809 2639 haec
834 2573 869 2637 in
897 2592 922 2638 c.
954 2572 996 2636 56
1025 2573 1148 2636 extant:
1191 2577 1291 2658 τρίτος
1319 2572 1354 2635 δὲ

118 2679 265 2761 (Deuites
287 2676 304 2746 ὁ
328 2678 469 2763 ἀδελφὸς
487 2680 683 2767 Ὀνομάρχου
707 2682 921 2768 στρατηγήσας
943 2677 1002 2746 cdx
1023 2679 1118 2758 ὀλίγα
1140 2683 1202 2744 τῶν
1221 2680 1354 2768 ἀναδη-

64 2850 68 2855 ,
115 2787 225 2868 μάτων
246 2792 425 2873 κατέκοψεν
447 2790 491 2861 είς
515 2788 571 2862 τὰς
594 2792 656 2853 τάν
679 2791 777 2864 ξένων
799 2790 1016 2875 μισθοφορὰς,
1039 2787 1151 2874 quibus
1171 2808 1234 2853 non
1250 2787 1355 2854 aliena

116 2897 188 2960 sunt
211 2915 290 2980 quae
314 2894 351 2961 de
375 2894 484 2961 eodem
508 2900 541 2961 et
564 2915 589 2961 c.
616 2898 668 2977 36,
689 2904 702 2959 l
727 2900 760 2962 et
783 2916 808 2963 c.
834 2898 924 2980 ΒΗ
948 2895 1105 2961 dicuntur:
1140 2897 1193 2958 xci
1215 2895 1355 2979 νόμισμα

115 3001 213 3087 alode
228 3006 365 3089 χρυσοῦν
381 3028 414 3067 τε
429 3004 482 3066 καὶ
504 3002 663 3090 ἀργυροῦν
668 3034 680 3083 ,-
707 3005 805 3086 37,2
832 3003 914 3084 ἔχων
940 3005 1001 3090 γὰρ
1028 3004 1199 3089 χρημάτων
1226 3004 1355 3089 πλῆθος

114 3110 322 3175 ἀνέκλειπτον
350 3150 391 3159 -
422 3114 457 3201 τῇ
484 3112 546 3196 γάρ
574 3109 728 3197 ἀφθονίᾳ
758 3116 819 3176 τῶν
846 3112 1016 3200 χρημάτων
1043 3111 1160 3196 ἀνέδην
1184 3112 1355 3198 χρώμενος,

113 3239 193 3304 quae
222 3218 282 3285 duo
312 3219 418 3304 capita
445 3218 576 3286 diversis
606 3220 744 3286 fontibus
773 3240 842 3286 cum
871 3218 990 3285 Pachio
1018 3217 1199 3301 assignandi
1233 3217 1354 3283 nullam

110 3347 181 3392 csse
205 3325 399 3412 probabilem
423 3346 549 3392 causam
566 3327 649 3392 infra
663 3326 848 3393 videbimus.
889 3325 952 3392 Sed
967 3326 1066 3392 nihilo
1081 3327 1185 3392 minus
1202 3326 1354 3408 originem

107 3457 132 3499 a
161 3454 228 3520 cap.
261 3435 357 3515 56,5
385 3433 542 3500 diversam
571 3455 609 3500 ea
636 3435 769 3501 traxisse
796 3436 906 3501 statim
935 3435 1110 3521 apparebit.
1158 3433 1243 3511 Quae
1271 3436 1354 3499 enim

105 3563 137 3609 c.
166 3544 255 3623 56,5
278 3541 315 3607 de
331 3539 469 3627 Phayllo
492 3541 733 3627 subsequuntur,
758 3541 799 3608 ad
821 3546 924 3609 totam
947 3542 1029 3609 hanc
1052 3543 1267 3629 quaestionem
1291 3541 1354 3607 sol-

102 3649 248 3717 vendam
277 3648 489 3715 firmissimum
517 3649 671 3736 praebent
698 3650 951 3734 fundamentum,
987 3650 1070 3737 quod
1097 3651 1177 3715 miro
1206 3670 1281 3715 casu
1313 3650 1353 3715 ab

189 3830 207 3900 ¹)
228 3834 347 3888 Dubium
366 3832 419 3884 iam
437 3848 491 3885 non
512 3837 570 3899 cst,
589 3835 654 3903 quin
674 3835 724 3887 viri
744 3834 817 3888 docti
837 3834 925 3889 verbis
944 3833 995 3888 τῶν
1012 3836 1062 3899 μὲν
1081 3835 1158 3901 ἱερῶν
1178 3834 1354 3901 διαδημάτων

98 3925 236 3996 ἀπείχετο
255 3939 309 3976 non
329 3924 400 3976 recte
419 3924 565 3977 intellectis
584 3924 614 3976 in
633 3940 748 3979 errorem
768 3923 844 3977 ducti
864 3925 927 3977 sint.
961 3925 1031 3990 Quid
1048 3927 1139 3977 autem
1153 3922 1287 3976 Diodorus
1300 3922 1353 3976 sibi

96 4015 238 4079 voluerit,
261 4013 402 4081 sequentia
420 4014 511 4081 aperte
531 4012 636 4067 docent.
675 4014 822 4083 Postquam
842 4014 913 4067 enim
932 4014 1095 4067 Phalaecum
1114 4013 1244 4079 pecunias
1263 4028 1352 4065 sacras

97 4104 215 4177 quibus
235 4102 456 4156 administrandis
475 4101 643 4156 Philomelus
663 4104 851 4171 magistratum
871 4102 1007 4173 quendam
1026 4104 1204 4170 praefecerat,
1223 4118 1304 4155 suum
1323 4101 1351 4154 in

97 4212 195 4254 usum
214 4194 343 4247 avertisse
362 4193 489 4258 narravit,
508 4207 562 4261 qua
581 4194 686 4247 ratione
704 4195 804 4264 reliqui
815 4194 997 4248 Phocensium
1016 4192 1098 4246 duces
1118 4192 1256 4260 Apollinis
1274 4191 1353 4246 bonis

94 4285 155 4344 usi
169 4285 226 4337 sint
238 4283 393 4337 summatim
407 4283 518 4351 exponit
529 4285 611 4351 atque
622 4284 813 4350 Philomelum,
827 4300 908 4354 quem
921 4300 952 4337 er
962 4283 1073 4337 Diodori
1084 4283 1204 4337 auctoris
1218 4283 1354 4336 sententia

92 4372 242 4451 pecunias
265 4388 354 4426 sacras
367 4370 434 4427 'non
458 4372 580 4441 attigisse
599 4372 666 4429 mihi
685 4376 789 4428 certum
809 4377 866 4440 est,
889 4375 1052 4446 ἀναθήματα
1070 4373 1235 4427 abstinuisse
1254 4371 1353 4427 diserte
1470 4366 1472 4374 ’

94 4465 210 4619 affertl)
226 4553 353 4624 χρήματα
372 4554 442 4607 nihil
460 4552 514 4607 nisi
532 4554 660 4621 pecunias
679 4570 738 4609 esse
757 4556 869 4624 planum
888 4557 943 4621 est,
963 4552 1065 4620 esea,
1085 4553 1117 4621 3,
1136 4554 1167 4620 43
1188 4553 1236 4619 24,
1256 4552 1285 4618 23
1309 4550 1353 4619 27,

93 4651 131 4715 3,
160 4643 191 4710 4;
212 4641 257 4708 28,
276 4640 306 4709 2;
325 4640 368 4707 30,
390 4640 418 4709 13
438 4642 482 4709 37,
502 4642 526 4699 ί.
