3392 5300
844 456 1066 521 ..20-

336 679 377 689 -
401 660 464 706 non
487 635 589 706 solum
612 660 637 706 o.
664 639 750 720 30,1
775 640 872 706 verba
894 646 1086 728 repugnant,
1102 638 1157 707 sed
1181 641 1450 720 etiamSchaeieri
1473 641 1571 708 illaa

334 747 453 814 Paekio
477 748 630 835 adoptata
652 751 872 836 interpretatio
897 753 1006 836 (supra
1027 771 1058 837 p.
1084 753 1130 836 7).

425 856 552 923 Minime
581 877 655 925 vero
683 859 715 923 in
745 859 848 924 animo
871 858 951 923 mihi
978 863 1028 924 est
1056 858 1146 925 illam
1170 881 1190 924 a
1223 881 1273 926 me
1297 863 1435 946 positam
1458 861 1572 926 Demo

334 965 415 1052 phili
438 987 544 1032 veram
568 967 664 1033 fuisse
687 969 878 1034 sententiam
901 988 958 1054 pro
981 972 1067 1033 certo
1090 973 1240 1050 statuere,
1264 969 1367 1034 sedin
1383 973 1452 1034 tam
1468 970 1571 1056 paucis

334 1073 475 1160 reliquiis
498 1074 574 1161 quid
598 1074 684 1141 aliud
706 1074 904 1162 relinquitur,
928 1095 1022 1161 quam
1046 1079 1082 1140 ut
1104 1078 1257 1162 quantum
1281 1076 1349 1141 ficri
1371 1080 1479 1162 potest
1513 1076 1572 1142 dis·

335 1202 443 1268 persas
471 1205 520 1249 res
549 1185 786 1266 coniungamus,
820 1205 916 1250 unam
943 1183 1130 1250 relationem
1158 1204 1343 1270 componere
1371 1184 1569 1250 studeamus?

335 1289 404 1367 Qua
430 1293 463 1356 in
490 1313 524 1358 re
552 1312 723 1378 numquam
752 1290 998 1358 obliviscendum
1027 1297 1076 1357 est
1104 1291 1287 1378 Demophili
1319 1292 1417 1357 verba
1455 1295 1570 1358 nonin

334 1400 433 1486 ipsius
460 1401 649 1466 narrationis
676 1404 825 1466 contextu
847 1405 969 1481 extare,
999 1399 1054 1466 sed
1078 1401 1118 1466 ab
1142 1401 1306 1467 Athenaeo
1329 1408 1492 1487 excerpta,
1521 1389 1568 1488 qui

335 1511 455 1593 quanta
481 1528 553 1574 cum
581 1509 642 1574 fide
670 1529 708 1575 ea
735 1508 945 1596 desumpserit
972 1511 1044 1576 sciri
1071 1530 1134 1575 non
1161 1513 1281 1595 potest3
1311 1530 1350 1575 nc
1381 1509 1414 1574 id
1448 1509 1568 1595 quidem

336 1619 474 1697 constat,
511 1616 607 1682 verba
635 1615 817 1704 Demophili
844 1623 950 1683 utrum
978 1617 1140 1694 αὒτολεξεὶ
1166 1640 1208 1683 an
1235 1619 1416 1683 summatim
1451 1617 1568 1684 reddita

336 1725 409 1805 sint,
434 1745 626 1810 quamquam
641 1722 760 1791 Paokio
777 1725 974 1812 exploratum
995 1729 1044 1791 est
1066 1725 1164 1791 verba
1186 1746 1247 1791 non
1270 1727 1353 1789 κατὰ
1376 1726 1463 1802 λέξιν
1485 1725 1568 1790 nobis

336 1834 462 1896 servata
485 1851 562 1897 esse.
604 1830 690 1910 Quae
713 1835 740 1898 si
763 1835 869 1898 omnia
884 1831 1149 1899 considerabimus
1164 1832 1373 1912 similitudini,
1397 1855 1478 1919 quae
1493 1835 1568 1898 inter

336 1937 544 2024 Demophilea
571 1939 667 2006 verba
695 1945 728 2006 et
740 1939 931 2006 Diodoream
959 1942 1171 2006 narrationem
1198 1943 1239 2027 (c.
1271 1943 1328 2020 64,
1350 1942 1382 2026 2)
1410 1941 1569 2007 intercedit

337 2046 375 2112 de
402 2048 550 2134 uxoribus
572 2046 780 2116 Phooensium
808 2049 935 2130 ducum,
965 2069 1036 2115 cum
1061 2047 1297 2135 Volquardseno
1309 2050 1333 2133 ¹)
1361 2069 1423 2114 non
1450 2053 1569 2114 tantum

336 2154 481 2240 ponderis
504 2156 677 2222 tribuemus
701 2160 854 2243 quantum
877 2155 964 2222 Pack
988 2161 1021 2222 ct
1043 2155 1194 2239 Roesiger
1216 2156 1437 2241 tribuerunt²).

428 2263 477 2330 De
500 2263 564 2329 alio
587 2263 794 2351 Demophileo
818 2263 994 2346 fragmento
1019 2263 1138 2350 (Schol.
1164 2263 1242 2329 Ven.
1268 2264 1306 2329 Il.
1331 2263 1421 2345 lllll,
1448 2265 1569 2349 300⁸),

337 2371 419 2456 quod
447 2373 524 2437 item
547 2370 635 2438 Paok
663 2375 695 2438 in
722 2393 813 2438 usum
837 2373 977 2453 vocavit,
1006 2371 1123 2438 diutius
1147 2371 1307 2457 disputare
1329 2391 1391 2436 non
1416 2392 1493 2456 opus
1516 2375 1568 2436 est.

336 2477 382 2546 At
405 2477 655 2562 δεισιδαιμὸνίαν
678 2501 714 2546 ac
738 2482 890 2567 pietatem
914 2500 1062 2562 magnam
1079 2479 1262 2565 Demophili
1285 2480 1444 2565 propriam
1468 2479 1569 2560 fuisse,

336 2585 423 2655 Paok
439 2589 566 2667 statuit!
606 2587 668 2654 Sed
684 2592 871 2672 argumenta
885 2608 966 2675 quae
982 2587 1115 2675 protulit
1134 2587 1224 2654 nulla
1244 2591 1332 2671 sunt3
1356 2607 1456 2674 neque
1479 2586 1571 2653 verba

337 2716 431 2783 supra
454 2701 594 2763 tractata
622 2700 725 2784 (14,3
753 2702 810 2771 ἕως
827 2699 880 2781 τῆς
907 2700 1039 2780 φθορᾶς
1067 2699 1129 2761 τῶν
1155 2698 1410 2780 διανειμαμένων
1438 2698 1478 2759 τὰ
1500 2694 1570 2780 ἱερὰ

336 2801 531 2890 χρήμαιαῦ)
559 2804 611 2870 vel
639 2804 715 2871 belli
743 2809 779 2869 ut
807 2806 888 2871 sacri
916 2803 1091 2889 appellatio
1119 2804 1157 2870 de
1185 2803 1289 2870 colore
1313 2803 1365 2869 vel
1390 2805 1514 2869 omnino
1537 2802 1571 2867 de

337 2910 492 2977 scribendi
516 2913 581 2977 eius
604 2932 716 2995 genero
740 2912 815 2999 quid
838 2911 978 2978 indicant
999 2932 1101 2997 neque
1123 2910 1196 2979 inde
1220 2912 1303 2998 quod
1331 2933 1410 2998 opus
1438 2933 1457 2977 a
1485 2916 1571 2997 patre

336 3017 482 3084 relictum
505 3019 675 3106 supplevit,
701 3020 828 3087 sublimi
842 3021 972 3105 xpietate
994 3040 1065 3085 eum
1089 3021 1183 3087 trisse
1207 3019 1314 3103 colligi
1336 3022 1486 3107 potasti).

428 3127 489 3194 Sed
505 3126 592 3195 Paok
609 3128 791 3215 Demophili
802 3130 938 3211 vestigia
954 3128 1037 3214 apud
1053 3127 1226 3194 Diodorum
1241 3129 1411 3214 aperuisse,
1426 3148 1572 3211 magnam

337 3233 511 3301 Diodoreae
524 3236 600 3303 belli
612 3238 801 3302 narrationis
814 3240 939 3321 partem
950 3236 1139 3323 Demophilo
1152 3237 1346 3304 adiudicasse
1357 3258 1420 3302 non
1430 3238 1509 3303 satis
1519 3235 1571 3300 ha

338 3342 415 3423 buit,
429 3343 484 3410 sed
495 3346 592 3411 etiam
601 3344 775 3411 Pausaniae
786 3343 825 3425 X,
841 3348 860 3409 2
875 3344 1091 3411 brevissimam
1101 3343 1248 3411 Phocaioi
1260 3345 1337 3411 belli
1349 3346 1572 3431 expositionem

337 3456 508 3518 maximam
520 3458 642 3538 partem
656 3452 696 3517 ad
709 3443 933 3540 Demophilum
945 3453 1045 3519 redire
1058 3452 1118 3518 sibi
1131 3454 1295 3538 persuasit.
1332 3451 1401 3530 Qua
1412 3455 1445 3517 in
1456 3452 1573 3517 lubrica

338 3562 389 3626 via
401 3581 472 3625 eum
485 3564 572 3646 sequi
584 3580 646 3625 non
658 3580 735 3647 opus
748 3567 805 3643 est,
823 3582 980 3647 perpauca
991 3561 1033 3626 ad
1044 3562 1254 3626 coniecturam
1270 3560 1361 3626 illam
1376 3560 1574 3626 refutandam

337 3671 415 3735 satis
439 3674 538 3734 amnt.
585 3666 791 3752 Pausaniam,
816 3671 869 3755 qui
893 3674 1044 3755 quantum
1069 3669 1109 3733 ab
1133 3667 1206 3734 aliis
1229 3668 1398 3750 audiverit,
1423 3673 1574 3755 quantum

412 4029 420 4061 ¹
472 4075 477 4085 .
499 4033 558 4088 113.

408 4030 431 4188 ’1
450 4050 560 4176 lliodori
579 4123 660 4177 rerba
677 4124 868 4192 Demophilum
886 4124 998 4192 propius
1017 4124 1143 4178 accedere
1162 4139 1243 4192 quam
1261 4125 1445 4192 Phylarchum
1465 4121 1509 4190 (ir.
1531 4120 1576 4188 60)

336 4216 448 4280 planum
473 4216 521 4267 est.
561 4214 684 4267 Ceterum
703 4214 847 4283 Phylarehi
873 4214 955 4268 verba
972 4215 1139 4283 Theopompi
1163 4215 1277 4283 vestigia
1300 4230 1420 4281 premere
1439 4213 1577 4267 videntur.

337 4300 448 4371 (Theop.
468 4305 498 4355 ir.
522 4302 593 4368 182.)

408 4389 819 4463 hffiwmhffiffiffi

408 4480 430 4550 ⁴)
445 4485 572 4557 χρήματα
600 4486 649 4539 boc
680 4488 737 4540 loeo
771 4486 799 4539 in
831 4486 986 4539 universum
1011 4486 1147 4553 Apollinis
1174 4486 1293 4555 κτήματα
1323 4483 1474 4553 significare
1499 4501 1578 4540 nemo

337 4590 391 4628 non
410 4575 491 4630 videt.

409 4672 431 4738 ⁸)
452 4667 575 4724 Roessler
593 4681 619 4734 p.
639 4666 683 4719 49.
722 4666 920 4735 Volquardsen,
939 4667 1069 4722 Jahresb:
1083 4668 1134 4722 VH
1152 4684 1179 4735 p.
1199 4666 1259 4719 402.
