<?xml version="1.0" encoding="UTF-8"?>
<!DOCTYPE html PUBLIC "-//W3C//DTD XHTML 1.0 Transitional//EN"
    "http://www.w3.org/TR/xhtml1/DTD/xhtml1-transitional.dtd">
<html xmlns="http://www.w3.org/1999/xhtml" xml:lang="en" lang="en">
 <head>
  <title>
</title>
<meta http-equiv="Content-Type" content="text/html;charset=utf-8" />
  <meta name='ocr-system' content='tesseract 3.04.00' />
  <meta name='ocr-capabilities' content='ocr_page ocr_carea ocr_par ocr_line ocrx_word'/>
</head>
<body>
  <div class='ocr_page' id='page_1' title='image "./defontibusdemos02sturgoog_0019.png"; bbox 0 0 3392 5300; ppageno 0'>
   <div class='ocr_carea' id='block_1_1' title="bbox 637 443 859 522">
    <p class='ocr_par' dir='ltr' id='par_1_1' title="bbox 637 443 859 522">
     <span class='ocr_line' id='line_1_1' title="bbox 637 443 859 522; baseline 0.005 -29"><span class='ocrx_word' id='word_1_1' title='bbox 637 443 859 522; x_wconf 40' lang='grc'><strong>..13-</strong></span> 
     </span>
    </p>
   </div>
   <div class='ocr_carea' id='block_1_2' title="bbox 33 621 1368 711">
    <p class='ocr_par' dir='ltr' id='par_1_2' title="bbox 33 621 1368 711">
     <span class='ocr_line' id='line_1_2' title="bbox 33 621 1368 711; baseline 0.001 -24"><span class='ocrx_word' id='word_1_2' title='bbox 33 653 48 686; x_wconf 77' lang='grc' dir='ltr'><strong><em>ι·</em></strong></span> <span class='ocrx_word' id='word_1_3' title='bbox 130 623 155 689; x_wconf 94' lang='lat' dir='ltr'><strong>si</strong></span> <span class='ocrx_word' id='word_1_4' title='bbox 184 622 311 711; x_wconf 90' lang='lat' dir='ltr'><strong>quidem</strong></span> <span class='ocrx_word' id='word_1_5' title='bbox 339 627 559 708; x_wconf 80' lang='lat' dir='ltr'><strong>argumentum</strong></span> <span class='ocrx_word' id='word_1_6' title='bbox 585 621 667 690; x_wconf 91' lang='lat' dir='ltr'><strong>illud</strong></span> <span class='ocrx_word' id='word_1_7' title='bbox 692 625 859 710; x_wconf 88' lang='lat' dir='ltr'><strong>tantopere</strong></span> <span class='ocrx_word' id='word_1_8' title='bbox 886 643 1029 711; x_wconf 90' lang='lat' dir='ltr'><strong>premere</strong></span> <span class='ocrx_word' id='word_1_9' title='bbox 1056 624 1085 690; x_wconf 91' lang='lat' dir='ltr'><strong>ei</strong></span> <span class='ocrx_word' id='word_1_10' title='bbox 1107 621 1222 690; x_wconf 82' lang='lat' dir='ltr'><strong>libuit?</strong></span> <span class='ocrx_word' id='word_1_11' title='bbox 1258 623 1368 710; x_wconf 90' lang='lat' dir='ltr'><strong>Neque</strong></span> 
     </span>
    </p>
   </div>
   <div class='ocr_carea' id='block_1_3' title="bbox 39 731 1369 819">
    <p class='ocr_par' dir='ltr' id='par_1_3' title="bbox 39 731 1369 819">
     <span class='ocr_line' id='line_1_3' title="bbox 39 731 1369 819; baseline 0.001 -23"><span class='ocrx_word' id='word_1_12' title='bbox 39 737 47 801; x_wconf 50' lang='grc' dir='ltr'><strong>’,ι</strong></span> <span class='ocrx_word' id='word_1_13' title='bbox 130 733 229 815; x_wconf 80' lang='lat' dir='ltr'><strong>magis</strong></span> <span class='ocrx_word' id='word_1_14' title='bbox 257 731 431 818; x_wconf 87' lang='lat' dir='ltr'><strong>probabilis</strong></span> <span class='ocrx_word' id='word_1_15' title='bbox 459 751 555 798; x_wconf 87' lang='lat' dir='ltr'><strong>causa</strong></span> <span class='ocrx_word' id='word_1_16' title='bbox 581 733 714 815; x_wconf 85' lang='lat' dir='ltr'><strong>cogitari</strong></span> <span class='ocrx_word' id='word_1_17' title='bbox 741 736 862 819; x_wconf 88' lang='lat' dir='ltr'><strong>potest,</strong></span> <span class='ocrx_word' id='word_1_18' title='bbox 898 754 952 800; x_wconf 90' lang='lat' dir='ltr'><strong>cnr</strong></span> <span class='ocrx_word' id='word_1_19' title='bbox 979 754 1048 819; x_wconf 86' lang='lat' dir='ltr'><strong>cap.</strong></span> <span class='ocrx_word' id='word_1_20' title='bbox 1078 734 1137 815; x_wconf 91' lang='grc'><strong>35,</strong></span> <span class='ocrx_word' id='word_1_21' title='bbox 1167 734 1210 797; x_wconf 89' lang='grc'><strong>36</strong></span> <span class='ocrx_word' id='word_1_22' title='bbox 1237 753 1300 798; x_wconf 88' lang='lat' dir='ltr'><strong>non</strong></span> <span class='ocrx_word' id='word_1_23' title='bbox 1328 731 1369 798; x_wconf 86' lang='lat' dir='ltr'><strong>ad</strong></span> 
     </span>
    </p>
   </div>
   <div class='ocr_carea' id='block_1_4' title="bbox 39 838 1370 922">
    <p class='ocr_par' dir='ltr' id='par_1_4' title="bbox 39 838 1370 922">
     <span class='ocr_line' id='line_1_4' title="bbox 39 838 1370 922; baseline 0.001 -18"><span class='ocrx_word' id='word_1_24' title='bbox 39 869 42 878; x_wconf 64' lang='lat'>=</span> <span class='ocrx_word' id='word_1_25' title='bbox 130 838 260 904; x_wconf 89' lang='lat' dir='ltr'><strong>cundem</strong></span> <span class='ocrx_word' id='word_1_26' title='bbox 284 843 443 905; x_wconf 79' lang='lat' dir='ltr'>auctorem</span> <span class='ocrx_word' id='word_1_27' title='bbox 467 859 538 906; x_wconf 89' lang='lat' dir='ltr'><strong>cum</strong></span> <span class='ocrx_word' id='word_1_28' title='bbox 562 841 705 922; x_wconf 88' lang='grc'><strong>30-33,</strong></span> <span class='ocrx_word' id='word_1_29' title='bbox 731 841 772 906; x_wconf 82' lang='grc'><strong>37</strong></span> <span class='ocrx_word' id='word_1_30' title='bbox 777 843 865 906; x_wconf 82' lang='grc'><strong>-40</strong></span> <span class='ocrx_word' id='word_1_31' title='bbox 888 841 1074 907; x_wconf 81' lang='lat' dir='ltr'><strong>referamus:</strong></span> <span class='ocrx_word' id='word_1_32' title='bbox 1109 839 1265 906; x_wconf 89' lang='lat' dir='ltr'><strong>Diodorus</strong></span> <span class='ocrx_word' id='word_1_33' title='bbox 1280 839 1370 905; x_wconf 90' lang='lat' dir='ltr'><strong>nulla</strong></span> 
     </span>
    </p>
   </div>
   <div class='ocr_carea' id='block_1_5' title="bbox 39 946 1369 1042">
    <p class='ocr_par' dir='ltr' id='par_1_5' title="bbox 39 946 1369 1042">
     <span class='ocr_line' id='line_1_5' title="bbox 39 946 1369 1042; baseline 0.003 -32"><span class='ocrx_word' id='word_1_34' title='bbox 39 963 43 1042; x_wconf 60' lang='grc' dir='ltr'>ξ</span> <span class='ocrx_word' id='word_1_35' title='bbox 129 946 248 1012; x_wconf 90' lang='lat' dir='ltr'><strong>ratione</strong></span> <span class='ocrx_word' id='word_1_36' title='bbox 272 947 339 1013; x_wconf 91' lang='lat' dir='ltr'><strong>eius</strong></span> <span class='ocrx_word' id='word_1_37' title='bbox 362 947 408 1012; x_wconf 89' lang='lat' dir='ltr'><strong>rei</strong></span> <span class='ocrx_word' id='word_1_38' title='bbox 431 946 552 1029; x_wconf 81' lang='lat' dir='ltr'><strong>habita,</strong></span> <span class='ocrx_word' id='word_1_39' title='bbox 576 947 640 1012; x_wconf 90' lang='lat' dir='ltr'><strong>utri</strong></span> <span class='ocrx_word' id='word_1_40' title='bbox 663 948 747 1034; x_wconf 91' lang='lat' dir='ltr'><strong>parti</strong></span> <span class='ocrx_word' id='word_1_41' title='bbox 771 946 977 1039; x_wconf 59' lang='lat' dir='ltr'><strong>auctorsssuus</strong></span> <span class='ocrx_word' id='word_1_42' title='bbox 1000 948 1130 1031; x_wconf 83' lang='lat' dir='ltr'><strong>faveret,</strong></span> <span class='ocrx_word' id='word_1_43' title='bbox 1155 948 1296 1031; x_wconf 83' lang='lat' dir='ltr'><strong>singulas</strong></span> <span class='ocrx_word' id='word_1_44' title='bbox 1319 969 1369 1014; x_wconf 88' lang='lat' dir='ltr'><strong>res</strong></span> 
     </span>
    </p>
   </div>
   <div class='ocr_carea' id='block_1_6' title="bbox 32 1053 1370 1250">
    <p class='ocr_par' dir='ltr' id='par_1_6' title="bbox 32 1053 1370 1250">
     <span class='ocr_line' id='line_1_6' title="bbox 32 1053 1370 1142; baseline 0.001 -24"><span class='ocrx_word' id='word_1_45' title='bbox 32 1092 40 1132; x_wconf 42' lang='grc' dir='ltr'><strong><em>μ</em></strong></span> <span class='ocrx_word' id='word_1_46' title='bbox 129 1053 315 1140; x_wconf 90' lang='lat' dir='ltr'><strong>simpliciter</strong></span> <span class='ocrx_word' id='word_1_47' title='bbox 338 1054 480 1142; x_wconf 90' lang='lat' dir='ltr'><strong>nudeque</strong></span> <span class='ocrx_word' id='word_1_48' title='bbox 503 1053 612 1120; x_wconf 80' lang='lat' dir='ltr'>ordine</span> <span class='ocrx_word' id='word_1_49' title='bbox 635 1075 690 1121; x_wconf 90' lang='lat' dir='ltr'><strong>suo</strong></span> <span class='ocrx_word' id='word_1_50' title='bbox 707 1058 889 1141; x_wconf 89' lang='lat' dir='ltr'><strong>persecutus</strong></span> <span class='ocrx_word' id='word_1_51' title='bbox 904 1059 962 1122; x_wconf 90' lang='lat' dir='ltr'><strong>est.</strong></span> <span class='ocrx_word' id='word_1_52' title='bbox 1003 1054 1152 1121; x_wconf 83' lang='lat' dir='ltr'><strong>Extrema</strong></span> <span class='ocrx_word' id='word_1_53' title='bbox 1168 1075 1195 1121; x_wconf 90' lang='lat' dir='ltr'><strong>o.</strong></span> <span class='ocrx_word' id='word_1_54' title='bbox 1213 1056 1255 1120; x_wconf 98' lang='grc'><strong>35</strong></span> <span class='ocrx_word' id='word_1_55' title='bbox 1273 1054 1370 1121; x_wconf 82' lang='lat' dir='ltr'><strong>verba</strong></span> 
     </span>
     <span class='ocr_line' id='line_1_7' title="bbox 32 1161 1369 1250; baseline -0.001 -23"><span class='ocrx_word' id='word_1_56' title='bbox 32 1199 39 1241; x_wconf 60' lang='lat' dir='ltr'><strong>t.</strong></span> <span class='ocrx_word' id='word_1_57' title='bbox 130 1161 199 1234; x_wconf 79' lang='grc' dir='ltr'><strong><em>τοὺς</em></strong></span> <span class='ocrx_word' id='word_1_58' title='bbox 221 1161 369 1237; x_wconf 81' lang='grc' dir='ltr'><strong><em>δ’ἄλλοος</em></strong></span> <span class='ocrx_word' id='word_1_59' title='bbox 390 1161 433 1236; x_wconf 74' lang='grc' dir='ltr'><strong>ὡς</strong></span> <span class='ocrx_word' id='word_1_60' title='bbox 454 1161 634 1250; x_wconf 75' lang='grc' dir='ltr'><strong><em>ἱεροσύλους</em></strong></span> <span class='ocrx_word' id='word_1_61' title='bbox 655 1163 864 1229; x_wconf 75' lang='grc' dir='ltr'><strong><em>κατεπόντισε</em></strong></span> <span class='ocrx_word' id='word_1_62' title='bbox 885 1163 1004 1230; x_wconf 86' lang='lat' dir='ltr'><strong>nullius</strong></span> <span class='ocrx_word' id='word_1_63' title='bbox 1026 1164 1179 1228; x_wconf 76' lang='lat' dir='ltr'><strong>momenti</strong></span> <span class='ocrx_word' id='word_1_64' title='bbox 1201 1166 1283 1229; x_wconf 82' lang='lat' dir='ltr'><strong>sunt.</strong></span> <span class='ocrx_word' id='word_1_65' title='bbox 1331 1161 1369 1227; x_wconf 93' lang='lat' dir='ltr'><strong>In</strong></span> 
     </span>
    </p>
   </div>
   <div class='ocr_carea' id='block_1_7' title="bbox 32 1269 1371 1680">
    <p class='ocr_par' dir='ltr' id='par_1_7' title="bbox 32 1269 1371 1680">
     <span class='ocr_line' id='line_1_8' title="bbox 38 1269 1370 1358; baseline 0 -23"><span class='ocrx_word' id='word_1_66' title='bbox 38 1309 41 1316; x_wconf 33' lang='grc' dir='ltr'><strong><em>ι</em></strong></span> <span class='ocrx_word' id='word_1_67' title='bbox 129 1289 153 1335; x_wconf 87' lang='lat' dir='ltr'><strong>o.</strong></span> <span class='ocrx_word' id='word_1_68' title='bbox 179 1271 221 1336; x_wconf 89' lang='lat'><strong>38</strong></span> <span class='ocrx_word' id='word_1_69' title='bbox 246 1289 319 1335; x_wconf 88' lang='lat' dir='ltr'><strong>vero</strong></span> <span class='ocrx_word' id='word_1_70' title='bbox 342 1270 589 1353; x_wconf 77' lang='grc' dir='ltr'><strong><em>δεισιδαιμονίας</em></strong></span> <span class='ocrx_word' id='word_1_71' title='bbox 611 1272 746 1355; x_wconf 84' lang='lat' dir='ltr'><strong>vestigia</strong></span> <span class='ocrx_word' id='word_1_72' title='bbox 767 1269 827 1338; x_wconf 85' lang='lat' dir='ltr'><strong>illa</strong></span> <span class='ocrx_word' id='word_1_73' title='bbox 848 1275 1014 1358; x_wconf 83' lang='lat' dir='ltr'><strong>tantopere</strong></span> <span class='ocrx_word' id='word_1_74' title='bbox 1042 1292 1152 1358; x_wconf 89' lang='lat' dir='ltr'><strong>pressa</strong></span> <span class='ocrx_word' id='word_1_75' title='bbox 1178 1275 1290 1358; x_wconf 87' lang='lat' dir='ltr'><strong>aperta</strong></span> <span class='ocrx_word' id='word_1_76' title='bbox 1312 1291 1370 1357; x_wconf 75' lang='lat' dir='ltr'><strong>pa</strong></span> 
     </span>
     <span class='ocr_line' id='line_1_9' title="bbox 32 1376 1369 1470; baseline -0.001 -26"><span class='ocrx_word' id='word_1_77' title='bbox 32 1454 39 1460; x_wconf 63' lang='lat'><strong>,.</strong></span> <span class='ocrx_word' id='word_1_78' title='bbox 128 1382 209 1444; x_wconf 79' lang='lat' dir='ltr'><strong>tent:</strong></span> <span class='ocrx_word' id='word_1_79' title='bbox 238 1377 375 1463; x_wconf 74' lang='grc' dir='ltr'><strong><em>ηὐξηκιδς</em></strong></span> <span class='ocrx_word' id='word_1_80' title='bbox 397 1376 512 1443; x_wconf 75' lang='grc' dir='ltr'><strong><em>ἑαυτοῦ</em></strong></span> <span class='ocrx_word' id='word_1_81' title='bbox 535 1379 591 1465; x_wconf 76' lang='grc' dir='ltr'><strong>τὴν</strong></span> <span class='ocrx_word' id='word_1_82' title='bbox 613 1380 779 1462; x_wconf 64' lang='grc' dir='ltr'><strong><em>βασιλσίαν</em></strong></span> <span class='ocrx_word' id='word_1_83' title='bbox 802 1391 871 1455; x_wconf 76' lang='grc' dir='ltr'><strong><em>ταῖς</em></strong></span> <span class='ocrx_word' id='word_1_84' title='bbox 894 1403 927 1443; x_wconf 73' lang='grc' dir='ltr'><strong>τε</strong></span> <span class='ocrx_word' id='word_1_85' title='bbox 949 1380 1085 1466; x_wconf 81' lang='grc' dir='ltr'><strong><em>πράξεσι</em></strong></span> <span class='ocrx_word' id='word_1_86' title='bbox 1107 1379 1160 1443; x_wconf 78' lang='grc' dir='ltr'><strong><em>καὶ</em></strong></span> <span class='ocrx_word' id='word_1_87' title='bbox 1183 1382 1218 1470; x_wconf 70' lang='grc' dir='ltr'><strong>τῇ</strong></span> <span class='ocrx_word' id='word_1_88' title='bbox 1237 1380 1318 1466; x_wconf 84' lang='grc' dir='ltr'><strong><em>πρὸς</em></strong></span> <span class='ocrx_word' id='word_1_89' title='bbox 1333 1376 1369 1442; x_wconf 66' lang='grc' dir='ltr'><strong>ιτὸ</strong></span> 
     </span>
     <span class='ocr_line' id='line_1_10' title="bbox 127 1484 1370 1574; baseline 0.001 -25"><span class='ocrx_word' id='word_1_90' title='bbox 127 1490 220 1550; x_wconf 75' lang='grc' dir='ltr'><strong><em>θείαν</em></strong></span> <span class='ocrx_word' id='word_1_91' title='bbox 242 1484 385 1568; x_wconf 57' lang='lat' dir='ltr'><strong>charitato</strong></span> <span class='ocrx_word' id='word_1_92' title='bbox 408 1488 474 1572; x_wconf 65' lang='lat' dir='ltr'><strong>§L</strong></span> <span class='ocrx_word' id='word_1_93' title='bbox 499 1489 532 1552; x_wconf 82' lang='lat' dir='ltr'><strong>et</strong></span> <span class='ocrx_word' id='word_1_94' title='bbox 553 1488 572 1572; x_wconf 66' lang='grc' dir='ltr'><strong>ξ</strong></span> <span class='ocrx_word' id='word_1_95' title='bbox 589 1490 609 1551; x_wconf 88' lang='grc'><strong>6</strong></span> <span class='ocrx_word' id='word_1_96' title='bbox 632 1486 797 1561; x_wconf 73' lang='grc' dir='ltr'><strong><em>ἐπιπόνως</em></strong></span> <span class='ocrx_word' id='word_1_97' title='bbox 819 1487 873 1551; x_wconf 78' lang='grc' dir='ltr'><strong><em>καὶ</em></strong></span> <span class='ocrx_word' id='word_1_98' title='bbox 896 1491 949 1574; x_wconf 76' lang='grc' dir='ltr'><strong>τῆς</strong></span> <span class='ocrx_word' id='word_1_99' title='bbox 969 1487 1116 1570; x_wconf 76' lang='grc' dir='ltr'><strong>ἀσεβείας</strong></span> <span class='ocrx_word' id='word_1_100' title='bbox 1131 1491 1249 1561; x_wconf 61' lang='lat' dir='ltr'><strong>consurg</strong></span> <span class='ocrx_word' id='word_1_101' title='bbox 1262 1491 1370 1550; x_wconf 68' lang='grc' dir='ltr'><strong><em>καιέσ-</em></strong></span> 
     </span>
     <span class='ocr_line' id='line_1_11' title="bbox 39 1587 1371 1680; baseline 0.002 -24"><span class='ocrx_word' id='word_1_102' title='bbox 39 1587 40 1592; x_wconf 66' lang='grc'>’</span> <span class='ocrx_word' id='word_1_103' title='bbox 129 1604 225 1680; x_wconf 74' lang='grc' dir='ltr'><strong><em>τρεψε</em></strong></span> <span class='ocrx_word' id='word_1_104' title='bbox 250 1595 375 1676; x_wconf 75' lang='grc' dir='ltr'><strong><em>τδνβίον</em></strong></span> <span class='ocrx_word' id='word_1_105' title='bbox 385 1595 420 1679; x_wconf 87' lang='lat'><strong>¹).</strong></span> <span class='ocrx_word' id='word_1_106' title='bbox 460 1593 532 1660; x_wconf 92' lang='lat' dir='ltr'><strong>Non</strong></span> <span class='ocrx_word' id='word_1_107' title='bbox 556 1594 653 1661; x_wconf 86' lang='lat' dir='ltr'><strong>alium</strong></span> <span class='ocrx_word' id='word_1_108' title='bbox 677 1596 812 1662; x_wconf 86' lang='lat' dir='ltr'><strong>colorem</strong></span> <span class='ocrx_word' id='word_1_109' title='bbox 835 1596 967 1663; x_wconf 91' lang='lat' dir='ltr'><strong>Diodori</strong></span> <span class='ocrx_word' id='word_1_110' title='bbox 989 1596 1087 1663; x_wconf 86' lang='lat' dir='ltr'><strong>verba</strong></span> <span class='ocrx_word' id='word_1_111' title='bbox 1108 1616 1135 1662; x_wconf 91' lang='lat' dir='ltr'><strong>c.</strong></span> <span class='ocrx_word' id='word_1_112' title='bbox 1161 1597 1214 1679; x_wconf 95' lang='grc'><strong>56,</strong></span> <span class='ocrx_word' id='word_1_113' title='bbox 1239 1598 1261 1659; x_wconf 88' lang='grc'>4</span> <span class='ocrx_word' id='word_1_114' title='bbox 1284 1593 1371 1660; x_wconf 84' lang='lat' dir='ltr'><strong>exhi·</strong></span> 
     </span>
    </p>
   </div>
   <div class='ocr_carea' id='block_1_8' title="bbox 32 1701 1371 1791">
    <p class='ocr_par' dir='ltr' id='par_1_8' title="bbox 32 1701 1371 1791">
     <span class='ocr_line' id='line_1_12' title="bbox 32 1701 1371 1791; baseline -0.003 -23"><span class='ocrx_word' id='word_1_115' title='bbox 32 1753 38 1791; x_wconf 50' lang='lat'><em>2</em></span> <span class='ocrx_word' id='word_1_116' title='bbox 128 1701 216 1768; x_wconf 81' lang='lat' dir='ltr'><strong>beni:</strong></span> <span class='ocrx_word' id='word_1_117' title='bbox 253 1703 394 1789; x_wconf 81' lang='grc' dir='ltr'>(Φίλων)</span> <span class='ocrx_word' id='word_1_118' title='bbox 417 1703 454 1766; x_wconf 82' lang='grc' dir='ltr'><strong>δέ</strong></span> <span class='ocrx_word' id='word_1_119' title='bbox 476 1715 543 1778; x_wconf 77' lang='grc' dir='ltr'><strong><em>ταῖς</em></strong></span> <span class='ocrx_word' id='word_1_120' title='bbox 566 1705 715 1784; x_wconf 79' lang='grc' dir='ltr'><strong><em>ἐσχάταις</em></strong></span> <span class='ocrx_word' id='word_1_121' title='bbox 737 1708 855 1780; x_wconf 78' lang='grc' dir='ltr'><strong><em>αλιιίαις</em></strong></span> <span class='ocrx_word' id='word_1_122' title='bbox 876 1707 1059 1791; x_wconf 72' lang='grc' dir='ltr'><strong><em>περιπεσών</em></strong></span> <span class='ocrx_word' id='word_1_123' title='bbox 1081 1709 1201 1770; x_wconf 56' lang='lat' dir='ltr'><strong>ornatae</strong></span> <span class='ocrx_word' id='word_1_124' title='bbox 1224 1707 1276 1790; x_wconf 74' lang='grc' dir='ltr'><strong>τῆς</strong></span> <span class='ocrx_word' id='word_1_125' title='bbox 1298 1703 1371 1766; x_wconf 76' lang='lat' dir='ltr'><strong>dos·</strong></span> 
     </span>
    </p>
   </div>
   <div class='ocr_carea' id='block_1_9' title="bbox 31 1809 1371 2224">
    <p class='ocr_par' dir='ltr' id='par_1_9' title="bbox 31 1809 1371 2224">
     <span class='ocr_line' id='line_1_13' title="bbox 37 1809 1366 1900; baseline 0.002 -28"><span class='ocrx_word' id='word_1_126' title='bbox 37 1882 40 1893; x_wconf 25' lang='lat'><strong>³</strong></span> <span class='ocrx_word' id='word_1_127' title='bbox 127 1815 213 1895; x_wconf 73' lang='grc' dir='ltr'><strong><em>βείας</em></strong></span> <span class='ocrx_word' id='word_1_128' title='bbox 236 1809 307 1891; x_wconf 79' lang='grc' dir='ltr'><strong><em>ἔσχε</em></strong></span> <span class='ocrx_word' id='word_1_129' title='bbox 330 1812 386 1896; x_wconf 78' lang='grc' dir='ltr'><strong>τὴν</strong></span> <span class='ocrx_word' id='word_1_130' title='bbox 410 1813 465 1876; x_wconf 77' lang='grc' dir='ltr'><strong>τοῦ</strong></span> <span class='ocrx_word' id='word_1_131' title='bbox 487 1815 558 1894; x_wconf 75' lang='grc' dir='ltr'><strong><em>βίον</em></strong></span> <span class='ocrx_word' id='word_1_132' title='bbox 578 1814 811 1899; x_wconf 78' lang='grc' dir='ltr'><strong><em>καταστροφὴν,</em></strong></span> <span class='ocrx_word' id='word_1_133' title='bbox 836 1833 916 1899; x_wconf 84' lang='lat' dir='ltr'><strong>quac</strong></span> <span class='ocrx_word' id='word_1_134' title='bbox 932 1813 1065 1879; x_wconf 86' lang='lat' dir='ltr'><strong>eundem</strong></span> <span class='ocrx_word' id='word_1_135' title='bbox 1081 1834 1174 1900; x_wconf 83' lang='lat' dir='ltr'><strong>quem</strong></span> <span class='ocrx_word' id='word_1_136' title='bbox 1189 1813 1222 1878; x_wconf 90' lang='lat' dir='ltr'><strong>in</strong></span> <span class='ocrx_word' id='word_1_137' title='bbox 1237 1832 1307 1898; x_wconf 90' lang='lat' dir='ltr'><strong>opp.</strong></span> <span class='ocrx_word' id='word_1_138' title='bbox 1326 1812 1366 1876; x_wconf 88' lang='grc'><strong>31</strong></span> 
     </span>
     <span class='ocr_line' id='line_1_14' title="bbox 35 1919 1371 2010; baseline 0.001 -28"><span class='ocrx_word' id='word_1_139' title='bbox 35 2000 39 2010; x_wconf 29' lang='grc' dir='ltr'>Ι</span> <span class='ocrx_word' id='word_1_140' title='bbox 129 1923 162 1983; x_wconf 86' lang='lat' dir='ltr'><strong>et</strong></span> <span class='ocrx_word' id='word_1_141' title='bbox 184 1919 243 2000; x_wconf 83' lang='lat'><strong>38,</strong></span> <span class='ocrx_word' id='word_1_142' title='bbox 273 1923 432 1986; x_wconf 79' lang='lat' dir='ltr'><strong>auctorem</strong></span> <span class='ocrx_word' id='word_1_143' title='bbox 461 1919 638 1986; x_wconf 87' lang='lat' dir='ltr'><strong>adhibitum</strong></span> <span class='ocrx_word' id='word_1_144' title='bbox 666 1941 734 1987; x_wconf 86' lang='lat' dir='ltr'><strong>esse</strong></span> <span class='ocrx_word' id='word_1_145' title='bbox 763 1921 858 1988; x_wconf 84' lang='lat' dir='ltr'><strong>facile</strong></span> <span class='ocrx_word' id='word_1_146' title='bbox 886 1920 982 1987; x_wconf 89' lang='lat' dir='ltr'><strong>alicui</strong></span> <span class='ocrx_word' id='word_1_147' title='bbox 1005 1926 1115 1988; x_wconf 85' lang='lat' dir='ltr'><strong>contra</strong></span> <span class='ocrx_word' id='word_1_148' title='bbox 1136 1926 1276 1987; x_wconf 91' lang='lat' dir='ltr'><strong>nostram</strong></span> <span class='ocrx_word' id='word_1_149' title='bbox 1301 1941 1371 1985; x_wconf 90' lang='lat' dir='ltr'><strong>sen·</strong></span> 
     </span>
     <span class='ocr_line' id='line_1_15' title="bbox 36 2027 1369 2120; baseline 0.002 -30"><span class='ocrx_word' id='word_1_150' title='bbox 36 2079 41 2120; x_wconf 89' lang='lat'><strong>:</strong></span> <span class='ocrx_word' id='word_1_151' title='bbox 128 2027 262 2093; x_wconf 84' lang='lat' dir='ltr'><strong>tentiam</strong></span> <span class='ocrx_word' id='word_1_152' title='bbox 283 2048 379 2113; x_wconf 91' lang='lat' dir='ltr'><strong>supra</strong></span> <span class='ocrx_word' id='word_1_153' title='bbox 402 2028 620 2094; x_wconf 88' lang='lat' dir='ltr'><strong>confirmatam</strong></span> <span class='ocrx_word' id='word_1_154' title='bbox 643 2030 830 2116; x_wconf 87' lang='lat' dir='ltr'><strong>persuadere</strong></span> <span class='ocrx_word' id='word_1_155' title='bbox 855 2029 987 2116; x_wconf 81' lang='lat' dir='ltr'><strong>possint.</strong></span> <span class='ocrx_word' id='word_1_156' title='bbox 1032 2029 1096 2096; x_wconf 88' lang='lat' dir='ltr'><strong>Sed</strong></span> <span class='ocrx_word' id='word_1_157' title='bbox 1118 2029 1287 2096; x_wconf 72' lang='lat' dir='ltr'><strong>urendum</strong></span> <span class='ocrx_word' id='word_1_158' title='bbox 1310 2031 1369 2109; x_wconf 86' lang='lat' dir='ltr'><strong>est,</strong></span> 
     </span>
     <span class='ocr_line' id='line_1_16' title="bbox 31 2134 1370 2224; baseline -0.001 -22"><span class='ocrx_word' id='word_1_159' title='bbox 31 2192 33 2202; x_wconf 92' lang='lat'>.</span> <span class='ocrx_word' id='word_1_160' title='bbox 128 2134 395 2201; x_wconf 76' lang='lat' dir='ltr'><strong>narratiunculam</strong></span> <span class='ocrx_word' id='word_1_161' title='bbox 419 2137 438 2221; x_wconf 73' lang='lat'>§</span> <span class='ocrx_word' id='word_1_162' title='bbox 462 2139 493 2219; x_wconf 79' lang='lat'><strong>7,</strong></span> <span class='ocrx_word' id='word_1_163' title='bbox 523 2157 617 2224; x_wconf 89' lang='lat' dir='ltr'><strong>quam</strong></span> <span class='ocrx_word' id='word_1_164' title='bbox 640 2139 738 2224; x_wconf 89' lang='lat' dir='ltr'><strong>priori</strong></span> <span class='ocrx_word' id='word_1_165' title='bbox 761 2138 919 2205; x_wconf 88' lang='lat' dir='ltr'><strong>Diodoreo</strong></span> <span class='ocrx_word' id='word_1_166' title='bbox 943 2139 1063 2204; x_wconf 87' lang='lat' dir='ltr'><strong>auctori</strong></span> <span class='ocrx_word' id='word_1_167' title='bbox 1086 2144 1174 2204; x_wconf 85' lang='lat' dir='ltr'><strong>recte</strong></span> <span class='ocrx_word' id='word_1_168' title='bbox 1194 2136 1370 2203; x_wconf 79' lang='lat' dir='ltr'><strong>vindicasse</strong></span> 
     </span>
    </p>
   </div>
   <div class='ocr_carea' id='block_1_10' title="bbox 31 2241 1372 2331">
    <p class='ocr_par' dir='ltr' id='par_1_10' title="bbox 31 2241 1372 2331">
     <span class='ocr_line' id='line_1_17' title="bbox 31 2241 1372 2331; baseline 0.004 -27"><span class='ocrx_word' id='word_1_169' title='bbox 31 2301 35 2329; x_wconf 25' lang='lat' dir='ltr'><strong>p</strong></span> <span class='ocrx_word' id='word_1_170' title='bbox 129 2242 207 2306; x_wconf 93' lang='lat' dir='ltr'><strong>mihi</strong></span> <span class='ocrx_word' id='word_1_171' title='bbox 235 2241 357 2326; x_wconf 87' lang='lat' dir='ltr'><strong>videor,</strong></span> <span class='ocrx_word' id='word_1_172' title='bbox 394 2244 558 2311; x_wconf 88' lang='lat' dir='ltr'><strong>simillima</strong></span> <span class='ocrx_word' id='word_1_173' title='bbox 586 2247 744 2312; x_wconf 87' lang='lat' dir='ltr'><strong>sententia</strong></span> <span class='ocrx_word' id='word_1_174' title='bbox 771 2246 949 2311; x_wconf 85' lang='lat' dir='ltr'><strong>terminari:</strong></span> <span class='ocrx_word' id='word_1_175' title='bbox 984 2245 1062 2310; x_wconf 78' lang='grc' dir='ltr'><strong>ὁδὲ</strong></span> <span class='ocrx_word' id='word_1_176' title='bbox 1087 2249 1140 2331; x_wconf 73' lang='grc' dir='ltr'><strong>τῆς</strong></span> <span class='ocrx_word' id='word_1_177' title='bbox 1167 2249 1372 2331; x_wconf 80' lang='grc' dir='ltr'><strong><em>παρανομίας</em></strong></span> 
     </span>
    </p>
   </div>
   <div class='ocr_carea' id='block_1_11' title="bbox 32 2343 1371 2655">
    <p class='ocr_par' dir='ltr' id='par_1_11' title="bbox 32 2343 1371 2655">
     <span class='ocr_line' id='line_1_18' title="bbox 32 2343 1371 2440; baseline 0.001 -27"><span class='ocrx_word' id='word_1_178' title='bbox 32 2409 38 2440; x_wconf 61' lang='grc'><strong>,</strong></span> <span class='ocrx_word' id='word_1_179' title='bbox 130 2343 244 2435; x_wconf 76' lang='grc' dir='ltr'><strong><em>ταύτης</em></strong></span> <span class='ocrx_word' id='word_1_180' title='bbox 265 2350 364 2436; x_wconf 74' lang='grc' dir='ltr'><strong><em>ἢγεμδ</em></strong></span> <span class='ocrx_word' id='word_1_181' title='bbox 369 2373 389 2415; x_wconf 95' lang='grc' dir='ltr'><strong><em>ν</em></strong></span> <span class='ocrx_word' id='word_1_182' title='bbox 416 2353 523 2416; x_wconf 80' lang='grc' dir='ltr'><em>Φίλων</em></span> <span class='ocrx_word' id='word_1_183' title='bbox 544 2352 563 2416; x_wconf 85' lang='lat' dir='ltr'><strong>d</strong></span> <span class='ocrx_word' id='word_1_184' title='bbox 585 2358 809 2439; x_wconf 79' lang='grc' dir='ltr'><strong><em>προειρημένος</em></strong></span> <span class='ocrx_word' id='word_1_185' title='bbox 833 2354 914 2434; x_wconf 79' lang='grc' dir='ltr'><strong><em>ταχὺ</em></strong></span> <span class='ocrx_word' id='word_1_186' title='bbox 937 2355 979 2439; x_wconf 83' lang='grc' dir='ltr'><strong>τῷ</strong></span> <span class='ocrx_word' id='word_1_187' title='bbox 1001 2353 1154 2437; x_wconf 77' lang='grc' dir='ltr'><strong><em>δαιμονίῳ</em></strong></span> <span class='ocrx_word' id='word_1_188' title='bbox 1179 2354 1235 2426; x_wconf 84' lang='grc' dir='ltr'><strong>τὰς</strong></span> <span class='ocrx_word' id='word_1_189' title='bbox 1257 2375 1371 2437; x_wconf 81' lang='grc' dir='ltr'><strong><em>προςη-</em></strong></span> 
     </span>
     <span class='ocr_line' id='line_1_19' title="bbox 35 2457 1370 2552; baseline 0.003 -32"><span class='ocrx_word' id='word_1_190' title='bbox 35 2530 39 2552; x_wconf 72' lang='lat'><strong>·,</strong></span> <span class='ocrx_word' id='word_1_191' title='bbox 128 2457 244 2532; x_wconf 81' lang='grc' dir='ltr'><strong><em>καύσας</em></strong></span> <span class='ocrx_word' id='word_1_192' title='bbox 265 2458 354 2533; x_wconf 84' lang='grc' dir='ltr'><strong><em>δίκας</em></strong></span> <span class='ocrx_word' id='word_1_193' title='bbox 376 2459 501 2542; x_wconf 80' lang='grc' dir='ltr'><strong><em>ἐξέτισε,</em></strong></span> <span class='ocrx_word' id='word_1_194' title='bbox 525 2481 605 2547; x_wconf 89' lang='lat' dir='ltr'><strong>quae</strong></span> <span class='ocrx_word' id='word_1_195' title='bbox 629 2461 727 2527; x_wconf 86' lang='lat' dir='ltr'><strong>verba</strong></span> <span class='ocrx_word' id='word_1_196' title='bbox 750 2461 789 2526; x_wconf 87' lang='lat' dir='ltr'><strong>ab</strong></span> <span class='ocrx_word' id='word_1_197' title='bbox 806 2460 863 2536; x_wconf 87' lang='lat' dir='ltr'><strong>illo</strong></span> <span class='ocrx_word' id='word_1_198' title='bbox 880 2465 1006 2528; x_wconf 88' lang='lat' dir='ltr'><strong>auctore</strong></span> <span class='ocrx_word' id='word_1_199' title='bbox 1021 2460 1151 2525; x_wconf 91' lang='lat' dir='ltr'><strong>minime</strong></span> <span class='ocrx_word' id='word_1_200' title='bbox 1167 2459 1272 2525; x_wconf 86' lang='lat' dir='ltr'><strong>aliena</strong></span> <span class='ocrx_word' id='word_1_201' title='bbox 1287 2463 1370 2541; x_wconf 83' lang='lat' dir='ltr'><strong>suut,</strong></span> 
     </span>
     <span class='ocr_line' id='line_1_20' title="bbox 128 2558 1371 2655; baseline 0.001 -26"><span class='ocrx_word' id='word_1_202' title='bbox 128 2565 182 2651; x_wconf 91' lang='lat' dir='ltr'><strong>qui</strong></span> <span class='ocrx_word' id='word_1_203' title='bbox 205 2564 330 2631; x_wconf 83' lang='lat' dir='ltr'><strong>fabulas</strong></span> <span class='ocrx_word' id='word_1_204' title='bbox 354 2569 386 2630; x_wconf 93' lang='lat' dir='ltr'><strong>et</strong></span> <span class='ocrx_word' id='word_1_205' title='bbox 401 2565 627 2653; x_wconf 90' lang='lat' dir='ltr'><strong>Delphicorum</strong></span> <span class='ocrx_word' id='word_1_206' title='bbox 650 2558 848 2634; x_wconf 77' lang='lat' dir='ltr'><strong>sacerdotum</strong></span> <span class='ocrx_word' id='word_1_207' title='bbox 863 2567 1051 2634; x_wconf 86' lang='lat' dir='ltr'><strong>traditiones</strong></span> <span class='ocrx_word' id='word_1_208' title='bbox 1067 2588 1130 2634; x_wconf 90' lang='lat' dir='ltr'><strong>non</strong></span> <span class='ocrx_word' id='word_1_209' title='bbox 1145 2568 1273 2655; x_wconf 88' lang='lat' dir='ltr'><strong>sprevit.</strong></span> <span class='ocrx_word' id='word_1_210' title='bbox 1310 2565 1371 2630; x_wconf 85' lang='lat' dir='ltr'><strong>Vir</strong></span> 
     </span>
    </p>
   </div>
   <div class='ocr_carea' id='block_1_12' title="bbox 30 2672 1506 2762">
    <p class='ocr_par' dir='ltr' id='par_1_12' title="bbox 30 2672 1506 2762">
     <span class='ocr_line' id='line_1_21' title="bbox 30 2672 1506 2762; baseline 0.001 -25"><span class='ocrx_word' id='word_1_211' title='bbox 30 2672 33 2683; x_wconf 84' lang='lat'>&#39;</span> <span class='ocrx_word' id='word_1_212' title='bbox 129 2672 267 2739; x_wconf 89' lang='lat' dir='ltr'><strong>dubitari</strong></span> <span class='ocrx_word' id='word_1_213' title='bbox 302 2678 421 2761; x_wconf 88' lang='lat' dir='ltr'><strong>potest,</strong></span> <span class='ocrx_word' id='word_1_214' title='bbox 458 2677 534 2761; x_wconf 92' lang='lat' dir='ltr'><strong>quin</strong></span> <span class='ocrx_word' id='word_1_215' title='bbox 554 2676 607 2743; x_wconf 83' lang='lat' dir='ltr'><strong>ad</strong></span> <span class='ocrx_word' id='word_1_216' title='bbox 635 2676 768 2742; x_wconf 90' lang='lat' dir='ltr'><strong>eundem</strong></span> <span class='ocrx_word' id='word_1_217' title='bbox 796 2677 930 2759; x_wconf 87' lang='lat' dir='ltr'><strong>fontem,</strong></span> <span class='ocrx_word' id='word_1_218' title='bbox 966 2676 1139 2762; x_wconf 89' lang='lat' dir='ltr'><strong>Delphicos</strong></span> <span class='ocrx_word' id='word_1_219' title='bbox 1165 2680 1271 2756; x_wconf 62' lang='lat' dir='ltr'><strong>vates</strong></span> <span class='ocrx_word' id='word_1_220' title='bbox 1307 2674 1373 2739; x_wconf 87' lang='lat' dir='ltr'><strong>aha</strong></span> <span class='ocrx_word' id='word_1_221' title='bbox 1503 2706 1506 2710; x_wconf 93' lang='lat'>·</span> 
     </span>
    </p>
   </div>
   <div class='ocr_carea' id='block_1_13' title="bbox 30 2781 1372 2871">
    <p class='ocr_par' dir='ltr' id='par_1_13' title="bbox 30 2781 1372 2871">
     <span class='ocr_line' id='line_1_22' title="bbox 30 2781 1372 2871; baseline -0.002 -22"><span class='ocrx_word' id='word_1_222' title='bbox 30 2846 37 2871; x_wconf 26' lang='lat' dir='ltr'><strong>i·</strong></span> <span class='ocrx_word' id='word_1_223' title='bbox 128 2802 252 2870; x_wconf 89' lang='lat' dir='ltr'><strong>quoque</strong></span> <span class='ocrx_word' id='word_1_224' title='bbox 278 2784 432 2850; x_wconf 90' lang='lat' dir='ltr'><strong>nonnulla</strong></span> <span class='ocrx_word' id='word_1_225' title='bbox 454 2784 630 2851; x_wconf 87' lang='lat' dir='ltr'><strong>Diodoreae</strong></span> <span class='ocrx_word' id='word_1_226' title='bbox 658 2786 850 2852; x_wconf 88' lang='lat' dir='ltr'><strong>narrationis</strong></span> <span class='ocrx_word' id='word_1_227' title='bbox 876 2784 1040 2851; x_wconf 86' lang='lat' dir='ltr'><strong>referenda</strong></span> <span class='ocrx_word' id='word_1_228' title='bbox 1067 2785 1146 2867; x_wconf 85' lang='lat' dir='ltr'><strong>sint,</strong></span> <span class='ocrx_word' id='word_1_229' title='bbox 1174 2782 1263 2849; x_wconf 87' lang='lat' dir='ltr'><strong>vclut</strong></span> <span class='ocrx_word' id='word_1_230' title='bbox 1290 2781 1372 2847; x_wconf 88' lang='lat' dir='ltr'><strong>Ono-</strong></span> 
     </span>
    </p>
   </div>
   <div class='ocr_carea' id='block_1_14' title="bbox 128 2890 1425 3195">
    <p class='ocr_par' dir='ltr' id='par_1_14' title="bbox 128 2890 1425 3195">
     <span class='ocr_line' id='line_1_23' title="bbox 128 2890 1425 2979; baseline 0.003 -24"><span class='ocrx_word' id='word_1_231' title='bbox 128 2890 248 2957; x_wconf 89' lang='lat' dir='ltr'><strong>marchi</strong></span> <span class='ocrx_word' id='word_1_232' title='bbox 272 2894 428 2958; x_wconf 90' lang='lat' dir='ltr'><strong>somnium</strong></span> <span class='ocrx_word' id='word_1_233' title='bbox 451 2894 484 2958; x_wconf 91' lang='lat' dir='ltr'><strong>in</strong></span> <span class='ocrx_word' id='word_1_234' title='bbox 507 2913 533 2959; x_wconf 89' lang='lat' dir='ltr'><strong>o.</strong></span> <span class='ocrx_word' id='word_1_235' title='bbox 558 2894 647 2978; x_wconf 82' lang='lat'><strong>38²).</strong></span> <span class='ocrx_word' id='word_1_236' title='bbox 1419 2960 1425 2979; x_wconf 64' lang='grc'><strong>,</strong></span> 
     </span>
     <span class='ocr_line' id='line_1_24' title="bbox 218 2999 1371 3088; baseline -0.003 -22"><span class='ocrx_word' id='word_1_237' title='bbox 218 3000 278 3067; x_wconf 91' lang='lat' dir='ltr'><strong>His</strong></span> <span class='ocrx_word' id='word_1_238' title='bbox 313 3002 506 3083; x_wconf 84' lang='lat' dir='ltr'><strong>argumentis</strong></span> <span class='ocrx_word' id='word_1_239' title='bbox 541 3000 695 3067; x_wconf 89' lang='lat' dir='ltr'><strong>adductus</strong></span> <span class='ocrx_word' id='word_1_240' title='bbox 728 3021 769 3066; x_wconf 91' lang='lat' dir='ltr'><strong>ne</strong></span> <span class='ocrx_word' id='word_1_241' title='bbox 796 3002 933 3088; x_wconf 87' lang='lat' dir='ltr'><strong>priorem</strong></span> <span class='ocrx_word' id='word_1_242' title='bbox 967 2999 1096 3087; x_wconf 87' lang='lat' dir='ltr'><strong>quidem</strong></span> <span class='ocrx_word' id='word_1_243' title='bbox 1123 3020 1148 3065; x_wconf 91' lang='lat' dir='ltr'><strong>c.</strong></span> <span class='ocrx_word' id='word_1_244' title='bbox 1175 3000 1218 3064; x_wconf 91' lang='grc'><strong>56</strong></span> <span class='ocrx_word' id='word_1_245' title='bbox 1246 3001 1371 3085; x_wconf 90' lang='lat' dir='ltr'><strong>partem</strong></span> 
     </span>
     <span class='ocr_line' id='line_1_25' title="bbox 128 3105 1371 3195; baseline -0.003 -22"><span class='ocrx_word' id='word_1_246' title='bbox 128 3110 248 3173; x_wconf 89' lang='lat' dir='ltr'><strong>auctori</strong></span> <span class='ocrx_word' id='word_1_247' title='bbox 276 3129 346 3195; x_wconf 90' lang='lat' dir='ltr'><strong>opp.</strong></span> <span class='ocrx_word' id='word_1_248' title='bbox 378 3111 518 3174; x_wconf 76' lang='lat'><strong>23-27</strong></span> <span class='ocrx_word' id='word_1_249' title='bbox 548 3108 624 3174; x_wconf 90' lang='lat' dir='ltr'><strong>dare</strong></span> <span class='ocrx_word' id='word_1_250' title='bbox 656 3128 780 3191; x_wconf 87' lang='lat' dir='ltr'><strong>vereor,</strong></span> <span class='ocrx_word' id='word_1_251' title='bbox 815 3129 917 3195; x_wconf 88' lang='lat' dir='ltr'><strong>neque</strong></span> <span class='ocrx_word' id='word_1_252' title='bbox 951 3106 1046 3173; x_wconf 89' lang='lat' dir='ltr'><strong>aliter</strong></span> <span class='ocrx_word' id='word_1_253' title='bbox 1080 3106 1119 3172; x_wconf 90' lang='lat' dir='ltr'><strong>de</strong></span> <span class='ocrx_word' id='word_1_254' title='bbox 1153 3105 1270 3172; x_wconf 84' lang='lat' dir='ltr'><strong>fabulis</strong></span> <span class='ocrx_word' id='word_1_255' title='bbox 1304 3106 1371 3171; x_wconf 88' lang='lat' dir='ltr'><strong>sine</strong></span> 
     </span>
    </p>
   </div>
   <div class='ocr_carea' id='block_1_15' title="bbox 30 3214 1372 3304">
    <p class='ocr_par' dir='ltr' id='par_1_15' title="bbox 30 3214 1372 3304">
     <span class='ocr_line' id='line_1_26' title="bbox 30 3214 1372 3304; baseline -0.005 -19"><span class='ocrx_word' id='word_1_256' title='bbox 30 3260 34 3303; x_wconf 53' lang='grc' dir='ltr'><strong>,χ</strong></span> <span class='ocrx_word' id='word_1_257' title='bbox 128 3214 221 3282; x_wconf 88' lang='lat' dir='ltr'><strong>dubie</strong></span> <span class='ocrx_word' id='word_1_258' title='bbox 245 3216 384 3283; x_wconf 85' lang='lat' dir='ltr'><strong>eiusdem</strong></span> <span class='ocrx_word' id='word_1_259' title='bbox 413 3218 542 3300; x_wconf 85' lang='lat' dir='ltr'><strong>originis</strong></span> <span class='ocrx_word' id='word_1_260' title='bbox 569 3216 686 3300; x_wconf 87' lang='lat' dir='ltr'><strong>iudico,</strong></span> <span class='ocrx_word' id='word_1_261' title='bbox 716 3238 797 3304; x_wconf 88' lang='lat' dir='ltr'><strong>quae</strong></span> <span class='ocrx_word' id='word_1_262' title='bbox 826 3236 852 3283; x_wconf 86' lang='lat' dir='ltr'><strong>o.</strong></span> <span class='ocrx_word' id='word_1_263' title='bbox 884 3218 924 3281; x_wconf 81' lang='grc'><strong>57</strong></span> <span class='ocrx_word' id='word_1_264' title='bbox 954 3218 988 3281; x_wconf 91' lang='lat' dir='ltr'><strong>et</strong></span> <span class='ocrx_word' id='word_1_265' title='bbox 1014 3235 1040 3281; x_wconf 89' lang='lat' dir='ltr'><strong>o.</strong></span> <span class='ocrx_word' id='word_1_266' title='bbox 1073 3216 1130 3296; x_wconf 91' lang='grc'><strong>58,</strong></span> <span class='ocrx_word' id='word_1_267' title='bbox 1151 3221 1233 3278; x_wconf 87' lang='grc'><strong>4-6</strong></span> <span class='ocrx_word' id='word_1_268' title='bbox 1262 3235 1372 3279; x_wconf 75' lang='lat' dir='ltr'><strong>narra</strong></span> 
     </span>
    </p>
   </div>
   <div class='ocr_carea' id='block_1_16' title="bbox 127 3322 1368 3409">
    <p class='ocr_par' dir='ltr' id='par_1_16' title="bbox 127 3322 1368 3409">
     <span class='ocr_line' id='line_1_27' title="bbox 127 3322 1368 3409; baseline -0.001 -21"><span class='ocrx_word' id='word_1_269' title='bbox 127 3322 207 3389; x_wconf 91' lang='lat' dir='ltr'><strong>tioni</strong></span> <span class='ocrx_word' id='word_1_270' title='bbox 234 3324 371 3391; x_wconf 90' lang='lat' dir='ltr'><strong>insertae</strong></span> <span class='ocrx_word' id='word_1_271' title='bbox 400 3328 473 3391; x_wconf 92' lang='lat' dir='ltr'><strong>sunt</strong></span> <span class='ocrx_word' id='word_1_272' title='bbox 508 3346 578 3391; x_wconf 90' lang='lat' dir='ltr'><strong>cum</strong></span> <span class='ocrx_word' id='word_1_273' title='bbox 613 3345 652 3392; x_wconf 84' lang='lat' dir='ltr'><strong>eu</strong></span> <span class='ocrx_word' id='word_1_274' title='bbox 686 3323 846 3392; x_wconf 86' lang='lat' dir='ltr'><strong>levissime</strong></span> <span class='ocrx_word' id='word_1_275' title='bbox 875 3328 1037 3406; x_wconf 85' lang='lat' dir='ltr'><strong>consutae,</strong></span> <span class='ocrx_word' id='word_1_276' title='bbox 1073 3322 1229 3409; x_wconf 90' lang='lat' dir='ltr'><strong>imprimis</strong></span> <span class='ocrx_word' id='word_1_277' title='bbox 1258 3342 1283 3387; x_wconf 93' lang='lat' dir='ltr'><strong>c.</strong></span> <span class='ocrx_word' id='word_1_278' title='bbox 1316 3322 1368 3403; x_wconf 92' lang='grc'><strong>58,</strong></span> 
     </span>
    </p>
   </div>
   <div class='ocr_carea' id='block_1_17' title="bbox 30 3426 1368 3519">
    <p class='ocr_par' dir='ltr' id='par_1_17' title="bbox 30 3426 1368 3519">
     <span class='ocr_line' id='line_1_28' title="bbox 30 3426 1368 3519; baseline 0 -26"><span class='ocrx_word' id='word_1_279' title='bbox 30 3426 31 3429; x_wconf 68' lang='grc'>’</span> <span class='ocrx_word' id='word_1_280' title='bbox 126 3438 209 3495; x_wconf 88' lang='grc'><strong>4-6</strong></span> <span class='ocrx_word' id='word_1_281' title='bbox 245 3431 297 3497; x_wconf 88' lang='lat' dir='ltr'><strong>cll.</strong></span> <span class='ocrx_word' id='word_1_282' title='bbox 327 3430 420 3498; x_wconf 83' lang='lat' dir='ltr'><strong>Paus.</strong></span> <span class='ocrx_word' id='word_1_283' title='bbox 452 3436 509 3516; x_wconf 86' lang='lat' dir='ltr'><strong>lo,</strong></span> <span class='ocrx_word' id='word_1_284' title='bbox 546 3435 604 3515; x_wconf 88' lang='lat'><strong>36,</strong></span> <span class='ocrx_word' id='word_1_285' title='bbox 642 3436 677 3515; x_wconf 82' lang='lat'><strong>33</strong></span> <span class='ocrx_word' id='word_1_286' title='bbox 713 3454 791 3519; x_wconf 86' lang='lat' dir='ltr'><strong>quas</strong></span> <span class='ocrx_word' id='word_1_287' title='bbox 825 3432 943 3503; x_wconf 88' lang='lat' dir='ltr'><strong>diutius</strong></span> <span class='ocrx_word' id='word_1_288' title='bbox 969 3432 1086 3497; x_wconf 84' lang='lat' dir='ltr'><strong>morari</strong></span> <span class='ocrx_word' id='word_1_289' title='bbox 1114 3450 1177 3496; x_wconf 92' lang='lat' dir='ltr'><strong>non</strong></span> <span class='ocrx_word' id='word_1_290' title='bbox 1204 3450 1282 3515; x_wconf 92' lang='lat' dir='ltr'><strong>opus</strong></span> <span class='ocrx_word' id='word_1_291' title='bbox 1310 3433 1368 3494; x_wconf 88' lang='lat' dir='ltr'><strong>est.</strong></span> 
     </span>
    </p>
   </div>
   <div class='ocr_carea' id='block_1_18' title="bbox 125 3535 1372 4163">
    <p class='ocr_par' dir='ltr' id='par_1_18' title="bbox 125 3535 1372 4163">
     <span class='ocr_line' id='line_1_29' title="bbox 127 3535 1371 3622; baseline -0.002 -19"><span class='ocrx_word' id='word_1_292' title='bbox 127 3537 191 3604; x_wconf 89' lang='lat' dir='ltr'><strong>Sed</strong></span> <span class='ocrx_word' id='word_1_293' title='bbox 218 3560 280 3605; x_wconf 93' lang='lat' dir='ltr'><strong>non</strong></span> <span class='ocrx_word' id='word_1_294' title='bbox 308 3540 410 3605; x_wconf 91' lang='lat' dir='ltr'><strong>solum</strong></span> <span class='ocrx_word' id='word_1_295' title='bbox 437 3540 563 3607; x_wconf 84' lang='lat' dir='ltr'><strong>fabulas</strong></span> <span class='ocrx_word' id='word_1_296' title='bbox 585 3540 674 3622; x_wconf 85' lang='lat' dir='ltr'><strong>illas,</strong></span> <span class='ocrx_word' id='word_1_297' title='bbox 704 3539 759 3606; x_wconf 87' lang='lat' dir='ltr'><strong>sed</strong></span> <span class='ocrx_word' id='word_1_298' title='bbox 787 3540 885 3605; x_wconf 87' lang='lat' dir='ltr'><strong>etiam</strong></span> <span class='ocrx_word' id='word_1_299' title='bbox 913 3560 939 3606; x_wconf 89' lang='lat' dir='ltr'><strong>o.</strong></span> <span class='ocrx_word' id='word_1_300' title='bbox 972 3540 1114 3605; x_wconf 87' lang='grc'><strong>58-60</strong></span> <span class='ocrx_word' id='word_1_301' title='bbox 1142 3538 1268 3603; x_wconf 86' lang='lat' dir='ltr'><strong>omnino</strong></span> <span class='ocrx_word' id='word_1_302' title='bbox 1297 3535 1371 3602; x_wconf 87' lang='lat' dir='ltr'><strong>reli·</strong></span> 
     </span>
     <span class='ocr_line' id='line_1_30' title="bbox 126 3642 1370 3735; baseline -0.004 -22"><span class='ocrx_word' id='word_1_303' title='bbox 126 3647 304 3728; x_wconf 85' lang='lat' dir='ltr'><strong>giosissimo</strong></span> <span class='ocrx_word' id='word_1_304' title='bbox 342 3646 392 3712; x_wconf 91' lang='lat' dir='ltr'><strong>illi</strong></span> <span class='ocrx_word' id='word_1_305' title='bbox 431 3650 550 3714; x_wconf 88' lang='lat' dir='ltr'><strong>auctori</strong></span> <span class='ocrx_word' id='word_1_306' title='bbox 588 3646 806 3735; x_wconf 85' lang='lat' dir='ltr'><strong>Volquardsen</strong></span> <span class='ocrx_word' id='word_1_307' title='bbox 850 3651 884 3712; x_wconf 90' lang='lat' dir='ltr'><strong>et</strong></span> <span class='ocrx_word' id='word_1_308' title='bbox 920 3645 1009 3712; x_wconf 87' lang='lat' dir='ltr'><strong>Pack</strong></span> <span class='ocrx_word' id='word_1_309' title='bbox 1051 3646 1242 3726; x_wconf 79' lang='lat' dir='ltr'><strong>tribuerunt,</strong></span> <span class='ocrx_word' id='word_1_310' title='bbox 1287 3642 1370 3730; x_wconf 89' lang='lat' dir='ltr'><strong>quod</strong></span> 
     </span>
     <span class='ocr_line' id='line_1_31' title="bbox 126 3751 1371 3842; baseline -0.004 -23"><span class='ocrx_word' id='word_1_311' title='bbox 126 3754 240 3840; x_wconf 89' lang='lat' dir='ltr'><strong>quibus</strong></span> <span class='ocrx_word' id='word_1_312' title='bbox 269 3754 307 3820; x_wconf 91' lang='lat' dir='ltr'><strong>de</strong></span> <span class='ocrx_word' id='word_1_313' title='bbox 335 3756 438 3822; x_wconf 87' lang='lat' dir='ltr'><strong>causis</strong></span> <span class='ocrx_word' id='word_1_314' title='bbox 465 3757 594 3821; x_wconf 90' lang='lat' dir='ltr'><strong>minime</strong></span> <span class='ocrx_word' id='word_1_315' title='bbox 622 3756 700 3821; x_wconf 91' lang='lat' dir='ltr'><strong>mihi</strong></span> <span class='ocrx_word' id='word_1_316' title='bbox 728 3755 946 3842; x_wconf 85' lang='lat' dir='ltr'><strong>probaverint,</strong></span> <span class='ocrx_word' id='word_1_317' title='bbox 976 3754 1083 3839; x_wconf 86' lang='lat' dir='ltr'><strong>capita</strong></span> <span class='ocrx_word' id='word_1_318' title='bbox 1106 3751 1165 3818; x_wconf 91' lang='lat' dir='ltr'><strong>illa</strong></span> <span class='ocrx_word' id='word_1_319' title='bbox 1187 3755 1278 3817; x_wconf 90' lang='lat' dir='ltr'><strong>caute</strong></span> <span class='ocrx_word' id='word_1_320' title='bbox 1301 3770 1371 3836; x_wconf 91' lang='lat' dir='ltr'><strong>per-</strong></span> 
     </span>
     <span class='ocr_line' id='line_1_32' title="bbox 125 3859 1370 3945; baseline -0.004 -17"><span class='ocrx_word' id='word_1_321' title='bbox 125 3862 357 3945; x_wconf 80' lang='lat' dir='ltr'><strong>vestigantibu&#39;s</strong></span> <span class='ocrx_word' id='word_1_322' title='bbox 393 3867 483 3935; x_wconf 85' lang='lat' dir='ltr'><strong>extra</strong></span> <span class='ocrx_word' id='word_1_323' title='bbox 517 3862 617 3928; x_wconf 76' lang='lat' dir='ltr'><strong>nullam</strong></span> <span class='ocrx_word' id='word_1_324' title='bbox 652 3863 880 3929; x_wconf 85' lang='lat' dir='ltr'><strong>dubitationem</strong></span> <span class='ocrx_word' id='word_1_325' title='bbox 917 3862 986 3927; x_wconf 93' lang='lat' dir='ltr'><strong>erit.</strong></span> <span class='ocrx_word' id='word_1_326' title='bbox 1043 3859 1184 3925; x_wconf 89' lang='lat' dir='ltr'><strong>Primum</strong></span> <span class='ocrx_word' id='word_1_327' title='bbox 1219 3860 1303 3925; x_wconf 87' lang='lat' dir='ltr'><strong>enim</strong></span> <span class='ocrx_word' id='word_1_328' title='bbox 1337 3860 1370 3923; x_wconf 92' lang='lat' dir='ltr'><strong>in</strong></span> 
     </span>
     <span class='ocr_line' id='line_1_33' title="bbox 127 3966 1371 4054; baseline -0.003 -19"><span class='ocrx_word' id='word_1_329' title='bbox 127 3990 153 4035; x_wconf 93' lang='lat' dir='ltr'><strong>c.</strong></span> <span class='ocrx_word' id='word_1_330' title='bbox 181 3970 234 4052; x_wconf 83' lang='lat'><strong>59,</strong></span> <span class='ocrx_word' id='word_1_331' title='bbox 261 3973 303 4035; x_wconf 87' lang='grc'><strong>60</strong></span> <span class='ocrx_word' id='word_1_332' title='bbox 327 3968 428 4036; x_wconf 91' lang='lat' dir='ltr'><strong>ullum</strong></span> <span class='ocrx_word' id='word_1_333' title='bbox 451 3970 696 4054; x_wconf 84' lang='grc' dir='ltr'><strong><em>δεισιδαιμονίας</em></strong></span> <span class='ocrx_word' id='word_1_334' title='bbox 719 3970 771 4036; x_wconf 83' lang='lat' dir='ltr'><strong>vel</strong></span> <span class='ocrx_word' id='word_1_335' title='bbox 794 3970 909 4036; x_wconf 91' lang='lat' dir='ltr'><strong>summi</strong></span> <span class='ocrx_word' id='word_1_336' title='bbox 932 3969 965 4033; x_wconf 91' lang='lat' dir='ltr'><strong>in</strong></span> <span class='ocrx_word' id='word_1_337' title='bbox 987 3966 1163 4034; x_wconf 90' lang='lat' dir='ltr'><strong>Phocenses</strong></span> <span class='ocrx_word' id='word_1_338' title='bbox 1188 3967 1252 4033; x_wconf 90' lang='lat' dir='ltr'><strong>odii</strong></span> <span class='ocrx_word' id='word_1_339' title='bbox 1274 3967 1371 4032; x_wconf 88' lang='lat' dir='ltr'><strong>vesti-</strong></span> 
     </span>
     <span class='ocr_line' id='line_1_34' title="bbox 126 4067 1372 4163; baseline -0.002 -21"><span class='ocrx_word' id='word_1_340' title='bbox 126 4078 214 4160; x_wconf 85' lang='lat' dir='ltr'><strong>gium</strong></span> <span class='ocrx_word' id='word_1_341' title='bbox 238 4081 346 4143; x_wconf 84' lang='lat' dir='ltr'><strong>entare</strong></span> <span class='ocrx_word' id='word_1_342' title='bbox 369 4077 547 4161; x_wconf 84' lang='lat' dir='ltr'><strong>negandum</strong></span> <span class='ocrx_word' id='word_1_343' title='bbox 571 4067 634 4144; x_wconf 86' lang='lat' dir='ltr'><strong>est.¹</strong></span> <span class='ocrx_word' id='word_1_344' title='bbox 669 4075 758 4156; x_wconf 82' lang='lat' dir='ltr'><strong>Quod</strong></span> <span class='ocrx_word' id='word_1_345' title='bbox 781 4078 813 4142; x_wconf 92' lang='lat' dir='ltr'><strong>in</strong></span> <span class='ocrx_word' id='word_1_346' title='bbox 829 4076 1099 4163; x_wconf 81' lang='lat' dir='ltr'><strong>Amphictyonum</strong></span> <span class='ocrx_word' id='word_1_347' title='bbox 1122 4075 1256 4141; x_wconf 85' lang='lat' dir='ltr'><strong>decretis</strong></span> <span class='ocrx_word' id='word_1_348' title='bbox 1275 4074 1372 4139; x_wconf 86' lang='lat' dir='ltr'><strong>verba</strong></span> 
     </span>
    </p>
   </div>
   <div class='ocr_carea' id='block_1_19' title="bbox 124 4276 1370 4707">
    <p class='ocr_par' dir='ltr' id='par_1_19' title="bbox 124 4276 1370 4617">
     <span class='ocr_line' id='line_1_35' title="bbox 203 4276 1370 4351; baseline -0.006 -16"><span class='ocrx_word' id='word_1_349' title='bbox 203 4277 222 4346; x_wconf 88' lang='lat'><strong>¹)</strong></span> <span class='ocrx_word' id='word_1_350' title='bbox 242 4279 368 4335; x_wconf 84' lang='lat' dir='ltr'><strong>Notanda</strong></span> <span class='ocrx_word' id='word_1_351' title='bbox 386 4281 452 4333; x_wconf 87' lang='lat' dir='ltr'><strong>sunt</strong></span> <span class='ocrx_word' id='word_1_352' title='bbox 470 4276 532 4345; x_wconf 68' lang='lat' dir='ltr'><strong>§oz</strong></span> <span class='ocrx_word' id='word_1_353' title='bbox 551 4280 596 4333; x_wconf 81' lang='grc' dir='ltr'><strong>τὸν</strong></span> <span class='ocrx_word' id='word_1_354' title='bbox 615 4278 780 4351; x_wconf 56' lang='lat' dir='ltr'><strong>&#39;monetque</strong></span> <span class='ocrx_word' id='word_1_355' title='bbox 799 4280 855 4333; x_wconf 81' lang='grc' dir='ltr'><strong><em>υἱὸν</em></strong></span> <span class='ocrx_word' id='word_1_356' title='bbox 867 4283 915 4332; x_wconf 82' lang='grc' dir='ltr'><strong>τοῦ</strong></span> <span class='ocrx_word' id='word_1_357' title='bbox 927 4278 971 4331; x_wconf 88' lang='grc' dir='ltr'><strong>τδν</strong></span> <span class='ocrx_word' id='word_1_358' title='bbox 984 4278 1055 4344; x_wconf 68' lang='grc' dir='ltr'><strong><em>ἱερὸν</em></strong></span> <span class='ocrx_word' id='word_1_359' title='bbox 1067 4276 1183 4342; x_wconf 82' lang='grc' dir='ltr'><strong><em>πόλεμον</em></strong></span> <span class='ocrx_word' id='word_1_360' title='bbox 1196 4276 1370 4336; x_wconf 78' lang='grc' dir='ltr'><strong><em>ἐκκαύσαντας</em></strong></span> 
     </span>
     <span class='ocr_line' id='line_1_36' title="bbox 124 4363 1366 4441; baseline -0.006 -16"><span class='ocrx_word' id='word_1_361' title='bbox 124 4370 173 4425; x_wconf 87' lang='grc' dir='ltr'><strong><em>ιιτλ</em></strong></span> <span class='ocrx_word' id='word_1_362' title='bbox 193 4371 356 4441; x_wconf 84' lang='lat' dir='ltr'><strong>quibuscum</strong></span> <span class='ocrx_word' id='word_1_363' title='bbox 374 4370 495 4424; x_wconf 74' lang='lat' dir='ltr'><strong>conferas</strong></span> <span class='ocrx_word' id='word_1_364' title='bbox 513 4384 536 4422; x_wconf 88' lang='lat' dir='ltr'><strong>o.</strong></span> <span class='ocrx_word' id='word_1_365' title='bbox 549 4368 592 4435; x_wconf 73' lang='lat'><strong>23,</strong></span> <span class='ocrx_word' id='word_1_366' title='bbox 607 4386 619 4426; x_wconf 81' lang='grc' dir='ltr'><strong><em>ι</em></strong></span> <span class='ocrx_word' id='word_1_367' title='bbox 634 4367 792 4437; x_wconf 80' lang='grc' dir='ltr'><strong><em>(Φιλόμηλος</em></strong></span> <span class='ocrx_word' id='word_1_368' title='bbox 804 4369 931 4430; x_wconf 76' lang='grc' dir='ltr'><strong><em>ἐξέκαυσε</em></strong></span> <span class='ocrx_word' id='word_1_369' title='bbox 943 4368 987 4421; x_wconf 79' lang='grc' dir='ltr'><strong>τὸν</strong></span> <span class='ocrx_word' id='word_1_370' title='bbox 1000 4367 1071 4437; x_wconf 77' lang='grc' dir='ltr'><strong><em>ἱερὸν</em></strong></span> <span class='ocrx_word' id='word_1_371' title='bbox 1083 4363 1219 4431; x_wconf 81' lang='grc' dir='ltr'><strong><em>πόλεμον).</em></strong></span> <span class='ocrx_word' id='word_1_372' title='bbox 1251 4364 1366 4419; x_wconf 79' lang='lat' dir='ltr'><strong>videtur</strong></span> 
     </span>
     <span class='ocr_line' id='line_1_37' title="bbox 125 4446 1368 4525; baseline -0.007 -11"><span class='ocrx_word' id='word_1_373' title='bbox 125 4462 173 4515; x_wconf 89' lang='lat' dir='ltr'><strong>hic</strong></span> <span class='ocrx_word' id='word_1_374' title='bbox 191 4462 286 4514; x_wconf 86' lang='lat' dir='ltr'><strong>auctor</strong></span> <span class='ocrx_word' id='word_1_375' title='bbox 306 4459 339 4514; x_wconf 91' lang='lat' dir='ltr'><strong>de</strong></span> <span class='ocrx_word' id='word_1_376' title='bbox 358 4459 524 4513; x_wconf 89' lang='lat' dir='ltr'><strong>Onomarcho</strong></span> <span class='ocrx_word' id='word_1_377' title='bbox 543 4457 724 4512; x_wconf 86' lang='lat' dir='ltr'><strong>Phocensium</strong></span> <span class='ocrx_word' id='word_1_378' title='bbox 743 4461 832 4512; x_wconf 88' lang='lat' dir='ltr'><strong>motus</strong></span> <span class='ocrx_word' id='word_1_379' title='bbox 852 4446 962 4512; x_wconf 82' lang='lat' dir='ltr'><strong>auctore</strong></span> <span class='ocrx_word' id='word_1_380' title='bbox 981 4456 1115 4525; x_wconf 85' lang='lat' dir='ltr'><strong>copiosius</strong></span> <span class='ocrx_word' id='word_1_381' title='bbox 1138 4455 1308 4519; x_wconf 84' lang='lat' dir='ltr'><strong>disseruisse,</strong></span> <span class='ocrx_word' id='word_1_382' title='bbox 1334 4454 1368 4507; x_wconf 83' lang='lat' dir='ltr'><strong>cf.</strong></span> 
     </span>
     <span class='ocr_line' id='line_1_38' title="bbox 125 4546 645 4617; baseline -0.008 -13"><span class='ocrx_word' id='word_1_383' title='bbox 125 4550 174 4614; x_wconf 77' lang='lat'><strong>32,</strong></span> <span class='ocrx_word' id='word_1_384' title='bbox 188 4567 215 4616; x_wconf 84' lang='lat' dir='ltr'><strong>s;</strong></span> <span class='ocrx_word' id='word_1_385' title='bbox 233 4549 278 4617; x_wconf 92' lang='grc'><strong>31,</strong></span> <span class='ocrx_word' id='word_1_386' title='bbox 293 4567 315 4606; x_wconf 83' lang='lat' dir='ltr'><strong>s.</strong></span> <span class='ocrx_word' id='word_1_387' title='bbox 353 4549 478 4605; x_wconf 83' lang='lat' dir='ltr'><strong>Sohaefer</strong></span> <span class='ocrx_word' id='word_1_388' title='bbox 495 4549 517 4615; x_wconf 89' lang='lat'><strong>1,</strong></span> <span class='ocrx_word' id='word_1_389' title='bbox 535 4564 563 4617; x_wconf 90' lang='lat' dir='ltr'><strong>p.</strong></span> <span class='ocrx_word' id='word_1_390' title='bbox 581 4546 645 4604; x_wconf 83' lang='lat'>445.</span> 
     </span>
    </p>

    <p class='ocr_par' dir='ltr' id='par_1_20' title="bbox 204 4635 444 4707">
     <span class='ocr_line' id='line_1_39' title="bbox 204 4635 444 4707; baseline -0.013 -13"><span class='ocrx_word' id='word_1_391' title='bbox 204 4635 226 4706; x_wconf 83' lang='lat'><strong>¹)</strong></span> <span class='ocrx_word' id='word_1_392' title='bbox 246 4640 318 4693; x_wconf 77' lang='lat' dir='ltr'><strong>Paeti</strong></span> <span class='ocrx_word' id='word_1_393' title='bbox 336 4655 363 4707; x_wconf 87' lang='lat' dir='ltr'><strong>p.</strong></span> <span class='ocrx_word' id='word_1_394' title='bbox 385 4639 444 4693; x_wconf 77' lang='grc'><strong>181.</strong></span> 
     </span>
    </p>
   </div>
   <div class='ocr_carea' id='block_1_20' title="bbox 0 0 1700 5300">
    <p class='ocr_par' dir='ltr' id='par_1_21' title="bbox 0 0 1700 5300">
     <span class='ocr_line' id='line_1_40' title="bbox 0 0 1700 5300; baseline 0 0"><span class='ocrx_word' id='word_1_395' title='bbox 0 0 1700 5300; x_wconf 95' lang='lat' dir='ltr'><strong> </strong></span> 
     </span>
    </p>
   </div>
  </div>
 </body>
</html>
