3392 5300
608 465 830 534 ..Ga-

91 647 301 733 coniunxerit,
327 645 552 734 intelleximus,
577 672 679 738 pauca
699 649 797 718 verbe
818 647 963 717 facienda
977 653 1064 735 suut3
1089 649 1167 717 satis
1184 652 1234 716 est
1249 652 1340 716 nota-

91 763 190 843 visse,
221 781 292 832 eam
315 758 535 826 historicorum
547 760 582 844 ¹),
610 760 765 846 imprimis
789 757 995 845 Theopompi,
1018 757 1110 824 libris
1133 761 1262 825 minime
1284 779 1339 824 ne·

89 868 210 951 glectis
234 871 268 934 in
291 868 462 934 virtutibus
485 866 710 946 Demosthenis
733 867 949 934 detrectandis
972 869 1052 932 miro
1081 866 1217 954 quodam
1244 866 1337 932 modo

89 975 157 1042 sibi
187 981 346 1058 constare3
383 975 421 1042 de
451 980 577 1042 auctore
604 975 685 1042 nihil
713 979 861 1063 apparet,
890 977 952 1041 nisi
980 973 1174 1062 Hermippea
1204 976 1340 1058 vestigia

64 1155 65 1208 y
90 1083 239 1170 pluribus
262 1084 341 1151 locis
366 1083 501 1151 dilucide
525 1089 644 1171 patere.

188 1191 237 1258 De
259 1189 547 1260 PsPlutarchea
569 1190 836 1279 Photianaquo
865 1194 940 1260 vitis
968 1214 1049 1279 quae
1077 1214 1173 1279 supra
1200 1213 1239 1258 ex
1267 1213 1340 1258 mea
1450 1284 1454 1290 .

91 1301 257 1367 sententia
279 1300 397 1389 protuli
420 1321 501 1368 nunc
524 1303 652 1383 omitt03
682 1300 763 1368 nihil
786 1300 874 1368 aliud
898 1303 1059 1388 quaeritur
1082 1323 1177 1387 quam
1200 1301 1275 1388 quid
1300 1301 1339 1368 de

91 1408 262 1495 archetypi
286 1410 454 1496 scriptore,
484 1409 522 1476 de
546 1413 688 1496 tempore
712 1410 953 1496 auctoribusque
982 1413 1048 1477 eius
1077 1410 1265 1477 censendum
1294 1411 1340 1476 vi-

63 1557 64 1604 y
91 1515 218 1582 deutur.
267 1516 374 1604 Atque
398 1517 535 1586 Caecilio
544 1520 571 1604 ²)
595 1521 701 1585 aetate
729 1519 909 1586 inferiorem
938 1540 1009 1586 eum
1037 1505 1134 1586 fuisse
1162 1541 1180 1585 e
1208 1517 1338 1606 reliquis

93 1626 173 1690 vitis
197 1624 290 1690 facile
314 1619 525 1709 intellegitur,
554 1648 745 1713 quamquam
769 1649 850 1716 quaa
874 1649 891 1693 e
919 1626 1010 1694 libris
1039 1629 1106 1694 eius
1134 1625 1259 1712 singula
1286 1627 1339 1693 de-

92 1736 226 1819 sumpta
254 1734 333 1816 sint,
362 1734 501 1800 dubitari
528 1737 642 1821 potest.
689 1733 815 1802 Priores
843 1735 984 1820 singulas
1007 1737 1144 1802 vitarum
1168 1740 1275 1823 partes
1298 1733 1339 1800 ad

63 1809 64 1876 l
93 1840 228 1908 Caecilii
256 1839 413 1910 rhetorica
440 1863 537 1930 opera
563 1843 664 1910 redire
692 1842 924 1912 Burekhardtio
953 1843 1089 1910 libenter
1120 1842 1269 1926 conced03
1305 1845 1339 1909 in

63 2031 64 2036 ἵ
91 1947 257 2024 Photiana
271 1948 495 2016 Demosthenis
512 1953 580 2016 vita
595 1972 670 2018 sane
686 1951 779 2037 plura
791 1951 973 2018 Caeciliana
989 1953 1124 2035 vestigia
1139 1953 1340 2018 inveniuntur

93 2058 153 2144 (ef.
178 2056 315 2125 Burckh.
346 2059 383 2124 ir.
416 2062 473 2142 163
505 2062 648 2126 18-20
676 2065 709 2126 et
737 2081 817 2147 quae
846 2060 912 2126 alia
939 2059 1091 2126 nonnulla
1114 2061 1239 2148 Sauppe
1263 2059 1285 2126 l.
1311 2080 1337 2127 e.

92 2165 276 2252 disseruit),
306 2165 362 2232 sed
385 2168 592 2234 recentiorum
616 2167 778 2233 rhetorum
806 2167 933 2255 placitis
962 2167 1075 2234 obruta
1102 2170 1197 2254 atque
1225 2166 1339 2253 ampli-

93 2275 204 2340 ficata.
253 2273 343 2340 Nihil
366 2279 473 2341 autem
495 2276 556 2342 nisi
579 2274 694 2342 iudicia
717 2274 756 2341 de
781 2274 904 2341 dicendi
928 2279 1087 2340 oratorum
1114 2275 1279 2358 generibus
1307 2278 1340 2340 et

93 2382 138 2449 de
163 2385 300 2449 numeris
323 2385 528 2467 genuinarum
552 2385 789 2471 spuriarumque
806 2385 984 2449 orationum
1000 2385 1043 2470 (si
1058 2382 1185 2469 quidem
1200 2381 1336 2449 Burokh.

91 2490 137 2556 de
164 2490 308 2557 omnibus
331 2493 370 2558 iis
394 2513 424 2578 p.
452 2495 490 2556 51
518 2496 602 2557 recte
625 2493 753 2577 statuit)
779 2490 935 2558 Caecilius
957 2491 1176 2578 suppeditasse
1200 2491 1338 2574 videtur3

91 2597 328 2667 Burckhardtio
358 2605 442 2667 certe
470 2605 506 2667 ut
535 2599 706 2668 Caecilium
734 2601 767 2667 in
794 2600 870 2667 vitis
898 2601 976 2687 ipsis
1004 2620 1127 2687 quoqne
1163 2599 1339 2666 adhibitum

92 2730 166 2775 esse
195 2709 440 2790 demonstraret,
477 2711 589 2793 fragm.
623 2713 638 2774 l
670 2713 704 2775 et
734 2712 774 2774 12
799 2714 816 2768 b
846 2710 1040 2793 argumentis
1067 2710 1114 2775 uti
1142 2730 1204 2775 non
1238 2708 1337 2775 lieuit.

93 2816 167 2882 Hoc
194 2839 290 2884 uuum
319 2822 458 2901 constat,
495 2820 528 2883 in
557 2819 630 2909 vitis
659 2822 818 2884 oratorum
847 2818 1030 2884 enarrandis
1058 2838 1255 2883 communem
1282 2815 1339 2883 Ps-

94 2924 262 2992 Plutarchi
277 2924 446 3013 Photiique
470 2927 678 3013 archetypum
702 2926 742 2992 ad
766 2927 961 3013 superiorum
982 2925 1225 3011 biographorum
1241 2924 1339 2991 libros

96 3033 208 3099 redire.
248 3034 471 3101 Demosthenis
496 3036 563 3100 vita
586 3033 698 3101 eadem
722 3033 773 3101 vel
797 3033 962 3100 simillima
981 3035 1094 3100 nititur
1109 3035 1243 3099 materia
1259 3055 1338 3120 quae

96 3144 131 3207 in
154 3128 345 3209 Plutarchea
372 3144 440 3209 vita
468 3163 506 3208 ex
535 3141 607 3208 aliis
636 3142 774 3209 fontibus
803 3146 898 3227 aucta
926 3145 1023 3207 extat.
1072 3140 1157 3219 Quae
1185 3162 1259 3206 vero
1283 3163 1340 3228 per

95 3248 239 3333 singulos
263 3252 346 3316 rivos
370 3251 402 3315 in
430 3249 577 3315 ultimum
606 3250 772 3337 archetypi
800 3271 925 3317 amnem
954 3250 1167 3336 pervenerint,
1197 3251 1249 3314 vix
1278 3250 1340 3316 dici

94 3360 214 3443 potest,
239 3378 430 3443 quamquam
447 3358 603 3433 Demetrii
619 3355 776 3441 Magnetis
800 3357 915 3423 indicia
939 3360 984 3444 (p.
1009 3360 1085 3438 281,
1111 3360 1175 3424 287
1192 3355 1337 3443 PsPlut.)

92 3466 207 3551 aperte
236 3464 452 3548 dinoscuntur,
489 3486 582 3551 quem
610 3468 717 3530 tamen
745 3467 849 3551 ipsum
877 3463 969 3530 illum
996 3466 1182 3552 scriptorem
1217 3467 1339 3552 opinari

61 3622 62 3625 ,
91 3572 304 3655 Roesigerum
327 3573 443 3639 notitia
466 3594 496 3659 p.
523 3576 603 3654 288,
635 3574 699 3641 184
723 3593 742 3637 a
765 3570 928 3639 Demetrio
952 3594 1079 3659 prorsus
1102 3571 1207 3638 aliena
1231 3578 1338 3639 vetare

94 3680 219 3747 debuit.
268 3680 321 3748 De
344 3679 507 3767 reliquis
531 3682 624 3748 vitis
648 3680 728 3747 nihil
756 3682 834 3747 certi
863 3681 994 3749 iudicari
1021 3702 1127 3769 posse,
1158 3702 1249 3748 nemo
1276 3703 1339 3748 non

91 3788 200 3871 videt3
226 3788 265 3855 do
288 3788 415 3856 Libanii
438 3790 524 3855 vitae
547 3790 650 3876 priore
674 3792 763 3875 parte
787 3788 868 3854 nihil
891 3793 1026 3870 constat,
1050 3791 1111 3855 nisi
1134 3811 1234 3876 noque
1257 3789 1339 3856 Her-

90 3899 198 3984 mippi
221 3918 322 3984 neque
346 3897 502 3965 Demetrii
525 3898 667 3981 vestigiis
690 3917 761 3963 eam
785 3898 943 3980 insistere3
972 3900 1006 3964 in
1028 3896 1153 3979 Zosimi,
1178 3897 1339 3985 Anonymi

89 4005 214 4073 Suidae
237 4008 313 4072 vitis
336 4026 417 4092 quae
433 4006 629 4092 Hermippea
652 4008 860 4088 inveniuntur,
884 4005 1006 4072 nullam
1030 4006 1069 4072 de
1085 4006 1263 4072 auctoribus
1279 4006 1338 4072 ali-

89 4113 172 4204 quid
196 4115 274 4180 certi
297 4114 454 4181 iudicandi
478 4135 589 4180 ansam
611 4113 702 4179 nobis
725 4114 922 4197 ministrant3
947 4113 1062 4180 Suidae
1077 4115 1214 4201 primum
1230 4118 1336 4201 caput,

90 4225 184 4293 cuins
208 4223 348 4289 maxima
371 4244 444 4310 pars
465 4222 692 4309 Hermippeam
716 4221 806 4287 duxit
829 4222 990 4305 originem,
1015 4243 1054 4287 ex
1069 4221 1244 4308 Hermippo
1267 4222 1336 4308 ipso

90 4335 280 4417 excerptum
305 4352 373 4399 esse
396 4331 474 4398 mihi
498 4351 560 4397 non
583 4327 755 4395 verisimile
779 4334 838 4395 est.

173 4514 193 4583 ¹)
213 4520 251 4571 Dc
267 4518 334 4571 Dur.
346 4516 434 4570 Samio
451 4516 540 4578 ,Plut
561 4512 687 4567 euctere‘
703 4513 787 4568 Geth.
806 4529 832 4581 p.
848 4513 954 4568 13-15
973 4514 1128 4568 doctissime
1145 4531 1201 4568 rem
1214 4513 1336 4569 confecit.

169 4604 372 4674 ¹)A0aecilio
398 4620 526 4661 cononem
551 4602 643 4657 decem
667 4604 804 4656 oratorum
829 4604 1009 4658 coustitutum
1033 4620 1091 4657 esse
1110 4606 1206 4658 idcicro
1229 4607 1338 4658 auctore

90 4701 200 4770 (epure
220 4698 246 4765 Ι,
275 4692 607 4766 momentorumque
630 4708 658 4761 p.
679 4691 714 4744 10
738 4694 766 4745 et
785 4690 927 4747 Gebhardo
952 4710 979 4762 p.
999 4693 1034 4748 35
1059 4696 1196 4761 explorata
1220 4710 1262 4747 res
1287 4697 1336 4747 est.

89 4788 265 4848 Studemund
286 4786 326 4855 (iu
344 4789 433 4843 Herm.
454 4788 506 4842 vol.
527 4784 563 4849 11,
581 4780 647 4848 449)
668 4782 795 4837 decadem
815 4782 972 4839 Callimachi
992 4784 1077 4838 aetati
1096 4784 1250 4839 vindicarit

609 4886 824 4935 -ιφ-υ
