3392 5300
841 399 1063 477 40„

418 580 635 658 Westermann
648 587 671 678 ¹)
696 591 775 658 satis
798 589 921 673 habuit,
944 611 1028 658 nova
1050 594 1084 657 et
1106 591 1215 680 inepta
1238 609 1318 678 quae
1342 587 1375 656 in
1397 586 1448 657 his
1463 586 1571 656 insunt

328 701 573 782 enumeravisse;
597 699 636 766 de
660 699 798 766 lontibus
822 697 901 765 nihil
925 702 1039 765 statuit
1054 701 1115 765 nisi
1130 697 1247 766 Zosimi
1262 703 1296 765 et
1311 697 1472 786 Anonymi
1489 700 1572 764 vitas

328 829 366 873 ex
392 808 585 874 orationibus
608 805 831 874 Demosthenis
854 805 1097 893 Aeschinisque,
1125 810 1291 893 praeterea
1319 826 1357 871 ex
1380 804 1573 872 Plutarchea

327 914 460 1002 aliisque
483 915 558 982 vitis
578 918 744 998 congestas
760 935 838 997 esse,
863 913 978 980 Suidae
995 934 1020 980 e.
1040 917 1059 981 d
1076 933 1114 979 ex
1129 911 1290 1000 Anonymi
1305 914 1373 980 vita
1389 919 1572 1002 excerptum

328 1023 437 1090 videri.
479 1021 579 1102 Quam
603 1023 794 1090 sententiam
814 1021 966 1105 Roesiger
987 1022 1034 1087 ita
1055 1022 1199 1105 conexit,
1223 1025 1259 1088 ut
1280 1019 1396 1090 Zosimi
1410 1021 1573 1109 Anonymi

327 1131 441 1198 Suidae
467 1133 550 1200 vitas
574 1153 612 1200 ex
635 1155 698 1200 una
714 1131 887 1219 eademque
903 1131 1044 1217 epitoma
1059 1129 1235 1196 deduceret.
1275 1127 1369 1197 Blass
1376 1133 1404 1217 ²)
1420 1150 1459 1196 ex
1475 1132 1571 1197 trium

326 1239 454 1306 illorum
482 1243 668 1328 scriptorum
697 1241 772 1308 vitis
800 1238 922 1307 nullam
950 1238 991 1304 ab
1020 1237 1086 1302 alia
1112 1237 1263 1324 pendere,
1297 1237 1413 1305 Suidae
1441 1241 1572 1306 tertiam

326 1347 516 1435 particulam
540 1371 578 1415 ex
594 1348 754 1436 Anonymi
777 1347 952 1435 exemplari
976 1351 1156 1434 excerptam
1180 1368 1249 1414 esse
1272 1348 1305 1413 in
1319 1353 1501 1416 transcursu
1517 1348 1573 1414 ad-

198 1457 210 1476 '
326 1457 459 1524 notavit.
501 1455 587 1536 Quae
610 1477 802 1546 quamquam
828 1455 1032 1539 altoosigero
1053 1459 1086 1522 et
1101 1453 1226 1522 Blaesio
1242 1456 1275 1522 in
1290 1458 1471 1523 universum
1487 1461 1572 1524 recte

327 1563 466 1632 iudicata
488 1569 575 1650 sunt,
606 1569 713 1634 tamen
737 1565 1020 1634 accuratius-vitas
1044 1563 1118 1630 illas
1141 1565 1321 1652 perquirere
1344 1586 1407 1631 non
1431 1565 1573 1632 alienum

326 1676 384 1738 est.
437 1672 545 1762 Atque
573 1673 728 1762 prolecto,
764 1677 790 1742 si
819 1676 890 1762 quis
917 1672 1078 1760 Anonymi
1105 1673 1206 1739 vitam
1235 1672 1410 1761 Suidaeque
1440 1676 1572 1740 tertiam

326 1781 515 1866 particulam
541 1782 643 1849 obiter
666 1782 907 1870 comparaverit,
932 1779 1030 1846 aliam
1053 1801 1091 1846 ex
1112 1779 1178 1846 alia
1194 1802 1278 1848 mere
1294 1781 1486 1869 descriptam
1502 1802 1572 1848 esse

327 1888 420 1954 facile
444 1890 670 1976 suspicabitur:
707 1893 754 1957 ita
776 1911 904 1980 prorsus
928 1887 1037 1955 eodem
1060 1888 1169 1954 ordine
1193 1888 1233 1954 ab
1257 1887 1320 1955 alio
1347 1890 1502 1976 copiosius
1530 1890 1572 1955 ab

327 1995 390 2062 alio
407 1996 533 2064 brevius
549 1998 659 2064 eadem
676 2002 885 2085 exponuntur3
908 2000 1050 2063 attamen
1067 1995 1296 2083 discrepantiae
1312 2018 1375 2063 non
1389 1999 1437 2063 ita
1451 2019 1572 2086 paucae

326 2125 346 2170 a
369 2107 527 2171 sententia
543 2105 601 2171 illa
617 2105 775 2172 discedere
791 2108 916 2190 cogunt.
947 2089 1038 2170 'Sunt
1053 2107 1137 2170 enim
1154 2103 1306 2172 eiusmodi
1323 2104 1406 2192 apud
1423 2105 1570 2172 Suidam:

326 2233 354 2278 v.
380 2214 423 2277 45
448 2212 560 2300 (West.
585 2211 708 2300 Biogr.)
731 2210 807 2288 ὦςτε
833 2213 933 2299 φασὶν
959 2213 1076 2278 ἑαυτὸν
1103 2215 1181 2278 οἴκοι
1209 2217 1428 2301 καθείρξαντα
1456 2213 1573 2280 ἑαυτοῦ

325 2322 455 2406 ξυρῆσαι
481 2324 534 2406 τῆς
557 2322 699 2408 κεφαλῆς
720 2327 814 2410 μέρος
829 2322 947 2409 (Anon.
966 2342 996 2408 p.
1016 2323 1091 2403 304,
1118 2323 1277 2408 46-49).
1318 2321 1440 2389 Deinde
1456 2321 1571 2388 Suidas

325 2427 364 2494 de
388 2429 523 2515 captivis
547 2452 567 2495 a
589 2429 802 2498 Demosthene
826 2431 1015 2520 redemptis,
1041 2430 1080 2496 de
1104 2429 1179 2498 liliis
1201 2431 1242 2497 ab
1267 2451 1304 2497 eo
1327 2429 1446 2497 dotatis
1471 2451 1510 2522 v.
1528 2433 1569 2496 55

325 2534 453 2602 aliunde
488 2537 572 2604 haud
607 2538 700 2604 dubie
735 2538 842 2605 hausit
871 2538 988 2626 (Anon.
1025 2540 1106 2622 305,
1144 2541 1211 2625 90).
1264 2536 1344 2606 'lum
1379 2537 1570 2606 Graecorum

325 2641 538 2712 Chaeronensi
561 2668 667 2733 pugna
690 2651 854 2735 oaptomm
877 2646 959 2713 alius
982 2645 1115 2714 aSuida
1139 2670 1168 2714 y.
1187 2650 1230 2714 63
1251 2669 1398 2715 numems
1413 2648 1571 2715 indicatur

325 2753 401 2839 (nisi
422 2754 600 2841 corruptela
623 2756 756 2842 subest),
782 2754 864 2821 alius
880 2754 920 2821 ab
936 2754 1104 2841 Anonymo
1122 2758 1197 2838 30⁷,
1224 2758 1298 2822 135.
1339 2754 1418 2823 'lum
1434 2756 1570 2824 Archias

325 2860 458 2926 aSuida
482 2883 510 2926 v.
536 2864 555 2925 7
560 2864 579 2927 3
604 2860 787 2949 appellatur
810 2862 991 2949 ὑποκριτὴς,
1014 2862 1054 2928 ab
1072 2862 1240 2949 Anonymo
1264 2863 1469 2950 ὑπασπιστὴς
1494 2866 1568 2946 308,

327 2971 400 3035 169.
456 2968 685 3037 Gravissimum
720 2990 794 3036 vero
830 2970 998 3037 discrimen
1033 2971 1066 3036 in
1101 2972 1187 3037 vitiis
1223 2970 1431 3038 Demostheni
1466 2972 1569 3039 insitis

184 3081 190 3108 ¹
325 3077 543 3143 enumerandis
567 3081 715 3164 apparet:
747 3077 788 3143 ab
804 3076 972 3163 Anonymo
996 3079 1073 3161 305,
1100 3080 1142 3144 66
1166 3079 1230 3144 tria
1252 3078 1369 3146 diserte
1385 3078 1568 3162 afferuntur,

325 3204 395 3249 eum
419 3184 532 3251 Suidas
555 3190 691 3272 quatuor
714 3186 799 3251 vitiis
820 3184 1067 3251 Demosthenem
1090 3185 1252 3254 laborasse
1276 3192 1413 3274 exponat
1436 3209 1569 3275 quorum

324 3292 396 3375 tria,
421 3312 613 3379 quamquam
638 3293 678 3358 ab
701 3290 768 3360 illis
792 3293 832 3359 ab
848 3292 1017 3380 Anonymo
1040 3294 1174 3381 prolatis
1194 3315 1255 3362 non
1272 3284 1443 3379 dissident,
1460 3300 1569 3363 tamen

324 3418 386 3464 non
415 3419 452 3463 ex
481 3418 517 3465 eo
544 3398 704 3465 translata
732 3404 819 3483 sunt,
853 3406 1005 3488 quartum
1030 3421 1145 3469 novum
1175 3403 1259 3470 haud
1287 3403 1380 3470 dubie
1409 3404 1568 3471 diversam

326 3508 478 3589 originem
503 3526 578 3593 prae
602 3526 636 3573 se
660 3508 731 3589 fert,
756 3529 785 3573 V.
805 3509 843 3573 51
871 3530 935 3595 sq.:
965 3509 1098 3595 τραυλὸς
1114 3510 1145 3573 d’
1160 3511 1273 3574 ὤνκαὶ
1290 3510 1447 3595 τὸνῶμον
1462 3512 1568 3600 ἀπρε-

325 3619 395 3689 πῶς
417 3614 523 3691 ἐκίνει,
545 3615 598 3679 καὶ
622 3616 679 3701 τὴν
700 3615 799 3702 ἀκοὴν
821 3614 964 3702 ereata
986 3617 1039 3680 aul
1063 3618 1097 3681 cd
1122 3622 1250 3701 πνεῦμα
1267 3619 1305 3683 od
1323 3618 1464 3707 διαρκὴς,
1488 3639 1568 3707 quae

324 3720 477 3787 dissensio
501 3742 540 3787 ne
565 3724 721 3789 communi
744 3722 870 3810 quidem
893 3722 1038 3810 exemplo
1062 3723 1191 3790 Suidam
1215 3729 1248 3791 et
1268 3725 1472 3813 Anonymum
1495 3748 1566 3794 usos

324 3850 392 3895 esse
420 3828 668 3897 luculentissime
697 3831 844 3897 ostendit.
898 3830 1000 3909 Quam
1028 3832 1068 3899 ad
1096 3835 1286 3900 sententiam
1319 3835 1566 3902 confirmandam

323 3934 439 4003 Zosimi
467 3936 671 4004 Ascalonitae
700 3941 767 4005 vita
794 3960 866 4007 cum
889 3937 1051 4026 Anonymi
1073 3940 1249 4029 Suidaeque
1277 3944 1352 4009 vitis
1380 3947 1567 4030 comparata

324 4044 454 4110 accedit.
495 4043 601 4131 Atque
616 4046 675 4113 hoc
696 4049 832 4133 primum
855 4047 1029 4113 notandum
1052 4051 1112 4131 est,
1136 4048 1268 4116 Suidam
1289 4053 1323 4116 iu
1345 4051 1395 4134 iis,
1420 4072 1502 4137 quae
1525 4051 1566 4115 ab

324 4150 485 4239 Anonymi
512 4154 664 4221 relatione
693 4154 871 4241 discrepare
899 4154 992 4221 modo
1020 4157 1209 4239 significavi,
1241 4178 1312 4224 cum
1340 4156 1464 4225 Zosimo
1494 4179 1566 4225 ccu-

323 4261 450 4325 sentire.
497 4258 638 4329 Zosimus
666 4260 746 4328 nihil
774 4260 868 4329 affert
895 4261 933 4328 de
962 4262 1104 4331 conclavi
1127 4265 1344 4350 subterraneo,
1374 4266 1431 4333 sed
1452 4266 1564 4333 iisdem

400 4513 419 4579 ¹)
439 4532 485 4586 qu.
506 4520 537 4572 D.
566 4518 612 4584 Ν,
631 4535 659 4587 p.
678 4517 794 4573 88-92.

396 4602 417 4673 ²)
437 4610 455 4662 l.
476 4623 497 4661 e.
518 4608 565 4674 Ill,
587 4608 611 4674 1,
630 4622 656 4677 p.
677 4607 703 4673 5,
723 4608 778 4662 net.
799 4608 825 4665 ³.
