3392 5300
682 437 900 508 ...42-

166 619 332 708 lustrabit,
362 621 431 690 fieri
458 624 667 712 ncnpoterit
695 624 783 710 quin
798 620 915 688 iudicia
940 619 999 687 illa
1021 619 1060 688 de
1084 621 1199 706 ignavo
1223 626 1264 688 et·
1279 617 1321 688 ad
1342 641 1410 688 mu-

166 755 276 800 nerum
299 734 493 822 corruptelas
517 753 671 822 propenso
698 732 922 799 Demosthenis
946 733 1051 798 animo
1074 734 1108 796 in
1136 733 1316 798 universum
1339 752 1411 818 pro·

166 846 313 910 nuntiata
347 845 476 911 famosis
510 842 665 929 exemplis
699 841 879 927 eisdemque
912 841 977 906 lere
1000 841 1105 906 verbis
1129 840 1333 926 comprobata
1364 843 1410 906 iu-

166 953 283 1018 veniat.
325 951 427 1034 Quam
449 971 517 1016 reru
540 948 739 1016 ePlutarehi
762 949 887 1032 ingenio
911 948 1069 1034 explicare
1085 950 1216 1014 minime
1230 948 1323 1031 licet3
1347 950 1410 1034 pri·
1476 1038 1481 1045 Χ

166 1080 253 1124 mum
276 1061 360 1126 enim
383 1060 442 1124 illa
465 1080 491 1126 c.
519 1062 561 1124 14
584 1058 699 1124 iudicia
721 1080 742 1123 a
764 1059 916 1145 scriptore
939 1057 1076 1144 quodam
1098 1059 1201 1144 petita
1224 1078 1293 1124 esse
1315 1079 1411 1144 supra

166 1167 317 1251 vidimus,
354 1168 466 1235 deinde
494 1166 683 1234 Plutarchus
718 1188 807 1232 suam
842 1167 941 1252 ipsius
975 1167 1166 1232 sententiam
1200 1165 1267 1232 illis
1293 1166 1410 1232 diserte

167 1278 299 1362 opponit
321 1277 443 1359 (ἐπιίγι
465 1277 546 1361 κτλ).
587 1274 676 1352 Quod
700 1293 774 1341 vero
797 1272 987 1341 Plutarchus
1011 1295 1092 1357 eum,
1117 1275 1205 1341 cuius
1223 1275 1410 1341 relationem

165 1388 240 1449 ante
268 1384 508 1470 reprobaverat,
545 1383 645 1450 denuo
675 1382 771 1448 adire.
789 1403 853 1448 non
880 1383 999 1448 veritus
1028 1387 1091 1465 est,
1127 1404 1166 1449 ne
1189 1385 1260 1469 quis
1282 1387 1409 1450 nostrae

164 1494 341 1558 sentcntiae
370 1496 588 1578 argumentum
616 1496 765 1578 opponat,
794 1495 856 1559 nou
883 1493 991 1557 timeo.
1042 1490 1091 1556 Ea
1118 1493 1185 1557 sine
1213 1491 1307 1573 dubio
1334 1490 1409 1558 Plu·

164 1600 275 1667 tercho
299 1601 491 1668 commodior
506 1602 576 1668 visa
591 1605 641 1667 est
655 1600 778 1682 relatio,
803 1620 895 1687 qnae,
920 1600 1114 1666 orationibus
1128 1599 1409 1687 historicorumque

164 1707 255 1776 libris
290 1711 374 1790 nisa,
410 1709 451 1775 ad
486 1711 587 1776 vitam
621 1727 786 1794 moresque
816 1708 1040 1775 Demosthenis
1074 1707 1278 1775 illustrandos
1313 1731 1409 1795 quam

164 1820 302 1884 maxime
337 1817 482 1884 idoneam
511 1817 728 1903 suppeditavit
754 1817 932 1882 materiam.
980 1814 1086 1902 Atque
1115 1817 1231 1883 indicia
1258 1817 1410 1884 malevoli

164 1924 251 1992 illius
275 1928 412 1992 auctoris
435 1925 512 1991 haec
536 1926 744 1991 inveniuntur.
791 1924 829 1990 Iu
853 1945 879 1991 c.
906 1927 949 1990 20
972 1923 1212 2006 Demosthenes,
1241 1925 1409 1993 alacritate

165 2031 355 2100 Graecorum
384 2034 487 2100 elatus
516 2038 611 2120 atque
639 2055 762 2100 summa
789 2034 940 2100 victoriae
963 2054 1019 2120 spe
1042 2033 1207 2120 impletus,
1242 2034 1409 2102 Thebanos

164 2140 400 2229 Epaminondae
416 2141 627 2208 Athenienses
643 2140 774 2208 Periclis
799 2140 954 2228 exemplo,
977 2162 1017 2208 ne
1039 2141 1175 2208 oraculis
1192 2145 1409 2230 vaticiniisque

163 2253 303 2318 nimium.
319 2251 490 2332 crederent,
514 2253 671 2318 monuisse
697 2253 800 2337 (μέχρι
823 2251 884 2334 μὲν
903 2247 962 2316 οὖν
977 2250 1098 2316 τούτων
1113 2250 1194 2337 ἀνὴρ
1213 2249 1254 2336 ἦν
1268 2252 1409 2331 ἀγαθὸς,

163 2359 276 2447 quibus
310 2360 415 2426 verbis
442 2357 632 2426 Plutarchus
655 2359 902 2426 Demosthenem
936 2380 1084 2426 excusare
1118 2359 1255 2426 voluisse
1291 2359 1406 2448 (Gebh.

163 2489 194 2554 p.
212 2470 272 2554 45)
295 2469 424 2533 minime
447 2466 605 2554 putandus
630 2469 704 2553 est),
728 2470 761 2533 in
784 2488 892 2554 pugna
914 2472 1022 2534 autem
1036 2469 1107 2554 ipsa
1121 2467 1201 2534 nihil
1216 2489 1288 2535 cum
1304 2470 1408 2536 verbis

163 2578 228 2644 suis
251 2577 472 2644 convenienter
494 2576 605 2661 egisse,
631 2577 687 2643 sod
709 2577 892 2664 turpissime
915 2578 1032 2661 fugisse
1055 2565 1200 2644 namatur
1224 2579 1278 2666 (of.
1303 2599 1329 2644 c.
1350 2581 1406 2646 14:

163 2687 334 2751 ἐπαινέσαι
360 2688 420 2769 μίν
448 2685 641 2761 ἱκανώτατος
668 2684 708 2771 ἢν
731 2688 776 2749 ,τὰ
801 2690 862 2749 τῶν
884 2687 1055 2774 προγόνων
1077 2689 1178 2763 καλὰ,
1204 2689 1408 2773 μιμήσασθαι

162 2796 198 2860 δὲ
221 2793 281 2875 οῧχ
304 2791 422 2878 ὅμοιος,
445 2798 478 2860 et
501 2793 558 2858 οὔκ
580 2793 626 2857 ὧν
652 2795 688 2857 ἐν
718 2806 780 2868 τοῖς
807 2791 922 2869 ὅπλοις
956 2794 1166 2880 ἀξιόπιστος).
1224 2795 1324 2862 Aliud
1358 2818 1408 2862 ur-

162 2907 347 2988 gumentum
375 2903 414 2968 iis
442 2903 634 2983 continetur,
663 2922 743 2988 quae
773 2900 812 2966 de
835 2900 1050 2968 Demosthene
1073 2901 1241 2969 Persarum
1269 2905 1408 2990 pecuniis

162 3015 309 3097 corrupto
333 3009 506 3077 adeuntur
528 3012 586 3097 (=
611 3030 637 3075 u.
657 3012 714 3073 14:
752 3010 793 3093 τῷ
816 3009 847 3072 δ’
862 3009 997 3073 ἄνωθεν
1011 3011 1046 3073 ἐκ
1060 3012 1192 3076 Σούσων
1213 3013 1267 3075 καὶ
1283 3011 1409 3093 Ἐκβα-

163 3120 271 3184 τάνων
293 3120 446 3201 ἐπιβατὸς
466 3120 580 3204 χρυσίῳ
595 3119 732 3197 γεγονώς
746 3119 801 3181 καὶ
814 3119 1112 3201 κατακεκλυσμένος,
1138 3120 1177 3186 el.
1194 3119 1286 3186 Diod.
1304 3119 1407 3202 XVII,

163 3231 209 3315 4).
258 3228 296 3294 In
324 3248 349 3295 c.
376 3230 418 3294 23
446 3228 525 3294 haec
551 3227 692 3294 notanda
720 3232 794 3293 suut
820 3227 932 3293 verba:
969 3226 1003 3290 at
1031 3227 1067 3290 dd
1094 3225 1204 3303 πόλεις
1230 3228 1331 3293 πάλιν
1355 3231 1409 3296 τοῦ

161 3341 393 3423 Δημοσθένους
425 3337 688 3423 ἀναρριπίζοντος
722 3334 824 3411 αιίτὰς
851 3340 1037 3400 συνίσταντο
1060 3337 1126 3400 κτλ.
1178 3338 1232 3399 καὶ
1258 3338 1292 3401 τὸ
1321 3342 1408 3422 βῆμα

161 3458 308 3526 κατεῖχεν
330 3444 348 3511 ὁ
371 3448 581 3531 Δημοσθένης
607 3445 672 3509 κτλ.
701 3492 704 3497 -
727 3447 864 3530 Θηβαῖοι
892 3445 927 3507 δὲ·
954 3444 1174 3530 προδοθέντες
1200 3443 1259 3509 ὑπ’
1282 3446 1409 3509 ἐκείνων

161 3556 229 3619 κτλ.
254 3557 369 3640 (Δημ.)
393 3553 497 3627 δείσας
520 3553 555 3617 δὲ·
579 3554 635 3639 τὴν
656 3553 752 3640 ὀργὴν
775 3554 840 3617 κτλ.
877 3552 931 3619 cll.
949 3552 1042 3619 Diod.
1068 3551 1170 3633 XVII,
1196 3556 1226 3618 4.
1274 3551 1407 3619 Prorsus

161 3663 274 3730 eodem
297 3660 401 3728 colore
423 3664 507 3727 inc.
531 3664 574 3725 24
596 3662 675 3727 haec
697 3661 860 3744 leguntur:
891 3662 1030 3726 ταπεινὰ
1053 3661 1085 3725 δ’
1108 3661 1265 3745 ἔπραττεν
1286 3661 1407 3747 ὁΔημ.

161 3773 227 3836 κτλ.
258 3774 381 3858 βραχέα
409 3769 602 3854 συνεκινήθη
629 3770 749 3845 πάλιν,
775 3773 832 3833 εἴτ’
860 3769 985 3854 ἔπτηξε.
1037 3768 1187 3856 Sequitur
1214 3767 1405 3854 Harpalicus

161 3899 276 3946 canuae
299 3878 466 3958 numphin,
492 3876 579 3943 cuius
603 3877 641 3941 cf.
666 3897 692 3943 c.
716 3879 758 3941 25
782 3875 823 3963 ἦν
846 3878 877 3943 δ’
900 3878 966 3965 ἄρα
988 3878 1093 3953 δεινὸς
1114 3872 1309 3963 ὁἍρπαλος
1327 3878 1407 3963 dper-

163 3992 249 4052 τικοῖι
272 3987 355 4073 πρὸς
377 3990 505 4070 χρυσίον
531 3984 648 4070 ἀνδρὸς
675 3986 753 4070 ὄψει
772 3986 835 4074 καὶ
861 3985 1007 4065 διαχύσει
1034 3986 1089 4048 καί
1115 3985 1227 4069 βολαῖς
1254 3985 1408 4068 ιἰμμοίτων

161 4097 310 4181 ἀνευρεῖν
338 4095 372 4158 οδ
399 4092 484 4179 ἦθος
511 4095 585 4170 κτλ,
618 4114 635 4158 c
663 4094 777 4180 quibus
804 4094 882 4160 hacc
911 4094 1067 4181 imprimis
1094 4093 1288 4179 respicienda
1315 4098 1403 4159 sunt:

161 4204 191 4269 οἱ
203 4205 234 4268 δ’
247 4202 401 4287 chenric
412 4202 618 4282 χλευάζοντες
630 4201 688 4282 οὐχ
700 4201 766 4266 ὑπὸ
778 4203 938 4289 συνάγχης
952 4202 1105 4290 ἔφραζον,
1119 4203 1193 4265 ἀλλ’
1209 4203 1267 4267 ὑπ’
1283 4202 1404 4289 ἀργυρ-

161 4314 264 4397 άγχης
291 4312 449 4395 είλῆφίίαι
483 4310 604 4395 νύκτωρ
636 4311 692 4374 τδν
727 4311 932 4395 δημαγωγὸν,
967 4331 1046 4398 quae
1081 4312 1145 4377 utri
1179 4311 1264 4395 parti
1298 4314 1408 4377 auctor

161 4423 280 4503 faveat,
305 4418 479 4485 clarissime
502 4416 681 4483 ostendunt.
722 4416 798 4495 Quis
822 4420 910 4484 enim·
927 4418 1005 4483 haec
1021 4418 1118 4483 verba
1134 4437 1241 4496 secum
1256 4422 1406 4504 reputans

161 4528 236 4595 illas
265 4548 291 4595 c.
319 4531 356 4592 ll
389 4546 480 4594 voces
507 4546 571 4591 nou
597 4527 709 4592 statim
732 4526 926 4607 meminerit,
956 4525 996 4591 de
1019 4526 1132 4611 quibus
1155 4547 1253 4613 supra
1275 4530 1321 4613 (p.
1347 4529 1405 4611 46)

106 4721 109 4727 .
162 4636 317 4705 diximus?
343 4648 405 4710 τοῖς
427 4636 487 4719 μὲν
509 4633 568 4699 οὖν
591 4636 723 4711 πολλοῖς
745 4633 999 4721 ὑποκρινόμενος
1020 4634 1129 4720 ἤρεσκε
1145 4633 1406 4719 θαυμαστῶςοῖ
1442 4698 1446 4704 .
