3392 5300
842 439 1064 505 „60-

333 641 396 706 qua
410 619 544 687 Botulus
566 626 694 687 vocatus
710 621 763 702 sit,
788 641 926 701 causam,
950 641 1051 707 neque
1067 643 1084 686 e
1100 621 1324 713 Demosthenis
1338 621 1392 687 vel
1406 620 1573 688 Aeschinis

334 730 527 796 orationibus
551 729 688 812 ductam,
713 751 813 817 neque
838 731 878 796 ab
901 729 968 797 ullo
993 730 1056 796 alio
1077 731 1228 816 scriptore
1245 731 1396 796 traditam
1414 729 1572 809 exhibent,

334 859 413 924 quae
443 839 517 924 quin
546 860 562 903 e
590 839 751 924 scriptoris
780 838 942 905 cuiusdam
965 838 1211 905 Demosthenem
1241 839 1281 903 ab
1307 837 1473 904 Aeschinis
1502 859 1575 904 con-

333 948 438 1030 viciis,
475 947 515 1013 ab
543 947 710 1014 Idomeneo
741 949 792 1035 (fr.
825 949 883 1033 1¹3)
912 951 945 1014 et
972 947 1147 1035 Hermippo
1175 946 1312 1013 libenter
1339 932 1489 1035 arreptis,
1521 947 1575 1012 de-

334 1056 490 1122 fendentis
518 1057 643 1139 iugenio
672 1059 742 1122 orta
769 1059 812 1122 sit
840 1056 978 1121 dubitari
1005 1057 1125 1142 nequit.
1179 1055 1387 1122 Consentiunt
1417 1057 1500 1122 enirn
1536 1077 1574 1120 ex

333 1163 459 1228 infirma
482 1184 638 1249 aegraque
662 1163 843 1230 valetudine
865 1184 1036 1248 cognomen
1051 1163 1131 1230 illud
1147 1164 1283 1230 ludibrio
1300 1166 1328 1230 ei
1344 1164 1479 1231 inditum
1494 1183 1573 1245 esse,

334 1292 414 1356 quae
439 1271 606 1358 explicatio
630 1271 776 1338 relationi
800 1275 829 1337 ei
858 1274 977 1360 optime
1005 1273 1164 1354 convenit,
1195 1273 1244 1338 cui
1272 1292 1342 1359 opp.
1367 1273 1573 1338 4—100tc.

334 1379 544 1467 impertienda
568 1401 635 1446 esse
660 1402 698 1446 ex
721 1383 947 1468 compositione
970 1383 1055 1446 vitae
1079 1383 1305 1467 perspeximus.
1345 1380 1491 1467 Namque
1508 1403 1574 1446 om-

335 1489 407 1553 nino
436 1509 497 1554 non
526 1491 681 1555 assentior
710 1489 878 1556 Gebhardo
907 1493 953 1576 (p.
984 1491 1026 1556 28
1056 1511 1119 1576 sq.,
1157 1491 1216 1576 32)
1245 1493 1300 1576 qui
1328 1489 1462 1556 alteram
1496 1511 1521 1556 c.
1553 1493 1574 1554 4

334 1601 458 1683 partem
481 1597 554 1663 inde
578 1621 597 1663 a
620 1598 724 1664 verbis
747 1596 787 1684 ἦν
810 1599 841 1662 d’
864 1599 881 1662 ὁ
904 1598 1055 1673 Βάταλος
1077 1597 1134 1661 κτλ
1157 1619 1174 1663 e
1201 1599 1338 1684 „stirpe“
1365 1595 1575 1663 ἄκολαστνίαν

335 1704 558 1771 Demosthenis
582 1705 740 1791 perlucide
765 1706 941 1788 castigante
966 1725 986 1770 a
1007 1702 1179 1771 Plutarcho
1202 1705 1271 1790 ipso
1299 1704 1382 1771 hunc
1410 1707 1442 1770 iu
1470 1704 1574 1771 locum

333 1815 560 1899 transpositam
584 1835 650 1880 esso
675 1835 731 1901 pro
755 1819 839 1880 certo
864 1816 987 1880 statuit.
1032 1812 1194 1894 Libanius,
1218 1813 1301 1900 quod
1324 1812 1572 1880 Demosthenem

334 1922 546 2007 ἀνδρωθέντα
574 1923 670 1988 fuisse
699 1922 790 2004 dicit,
827 1923 961 1988 fortasse
989 1921 1098 1988 Batali
1126 1925 1160 1987 et
1187 1921 1292 2006 Argao
1327 1924 1455 1987 nomina
1489 1943 1575 1988 com-

335 2031 481 2110 mutavit,
506 2029 545 2095 de
569 2050 700 2116 quorum
724 2031 1006 2113 significationibus
1027 2030 1200 2096 communis
1215 2028 1380 2096 Plutarchi
1400 2034 1434 2096 et
1449 2029 1575 2095 Libanii

335 2139 445 2202 auctor
468 2140 570 2204 varias
595 2139 811 2204 cumulaverat
834 2139 1009 2205 sententias
1033 2139 1072 2204 cl.
1097 2137 1196 2204 schol.
1221 2137 1335 2204 Aesoh,
1360 2138 1391 2219 I,
1422 2141 1504 2220 1313
1531 2138 1574 2217 ll,

336 2248 394 2327 993
419 2245 469 2313 hic
493 2268 614 2333 quoque
630 2246 789 2313 blassium
802 2249 825 2334 ¹)
850 2249 1014 2328 erravisse,
1039 2245 1121 2334 quod
1138 2245 1347 2333 Hermippum
1368 2245 1575 2312 aPlutarcho

336 2359 368 2419 et
383 2354 515 2420 Libanio
540 2355 743 2442 compilatum
768 2376 836 2422 esse
857 2355 999 2436 coniecit,
1024 2355 1127 2442 quivis
1143 2353 1235 2421 facile
1253 2355 1347 2421 videt.
1389 2353 1480 2422 Prior
1495 2352 1576 2421 eius-

335 2462 406 2529 dem
431 2465 600 2548 fragmenti
623 2457 697 2552 pars
720 2466 753 2530 in
767 2462 853 2530 Plut.
880 2485 905 2530 c.
924 2466 944 2530 8
966 2463 1078 2530 iisdem
1096 2464 1160 2529 fere
1177 2463 1280 2530 verbis
1296 2485 1445 2550 expressa
1461 2464 1575 2529 itemm

335 2573 425 2638 nobis
449 2574 596 2640 ooounit:
632 2574 666 2636 ἐκ
690 2573 802 2637 τούτοιν
825 2573 927 2650 δόξαν
949 2577 1035 2653 εἶχεν
1056 2573 1099 2648 ὡς
1121 2572 1177 2636 oda
1206 2572 1327 2659 εὐφυὴς
1354 2569 1414 2648 ὧν,
1442 2572 1515 2636 ἀλλ’
1543 2573 1577 2634 ἐκ

336 2680 437 2746 πόνον
461 2687 643 2772 συγκειμένῃ
666 2679 819 2767 δεινότητι
842 2682 895 2745 καὶ
917 2680 1049 2764 δυνάμει
1073 2682 1246 2766 χρᾶμενος,
1269 2702 1348 2767 quae
1372 2702 1442 2747 cum
1467 2679 1576 2745 multis

335 2789 408 2856 aliis
436 2790 476 2856 ad
506 2792 659 2857 oratorias
688 2792 927 2857 exercitationes
956 2790 1187 2877 spectantibus,
1224 2810 1415 2876 quamquam
1450 2789 1577 2873 singula

337 2898 459 2964 definiri
483 2901 547 2965 iam
571 2921 632 2966 non
656 2905 801 2986 possunt,
827 2900 867 2965 ad
891 2898 1100 2985 Hermippum
1122 2898 1225 2965 redire
1248 2897 1327 2963 mihi
1350 2918 1472 2984 quoque
1496 2899 1577 2963 veri-

336 3007 533 3073 simillimum
558 3012 615 3075 est.
1044 3090 1047 3093 ,

426 3114 575 3182 Extremo
604 3116 662 3183 hoo
690 3116 759 3183 loco
790 3116 963 3208 notandum
997 3119 1060 3195 est,
1097 3116 1136 3181 de
1165 3113 1337 3202 Hyperidis
1372 3118 1473 3179 morte
1501 3112 1576 3179 Plu-

336 3223 480 3289 tarchum
505 3227 546 3310 (c.
574 3226 631 3309 28)
656 3228 815 3289 auctorem
839 3224 880 3287 ab
900 3221 1074 3315 Hermippo
1099 3221 1486 3309 plane-diversumsequi
1503 3219 1576 3307 (Ps-

289 3415 291 3419 .
335 3330 421 3397 Plut.
447 3332 532 3419 Hyp.
558 3334 614 3397 vit.
640 3335 717 3413 313,
743 3331 902 3419 48-50),
930 3330 968 3397 de
992 3350 1053 3417 quo
1077 3329 1225 3396 Gebhard
1248 3351 1279 3417 p.
1305 3332 1325 3395 9
1350 3350 1461 3416 parurn
1485 3335 1577 3395 caute

337 3442 486 3507 statuisse
510 3441 587 3505 mihi
611 3439 744 3505 videtur.
983 3437 985 3440 ’
1163 3458 1169 3468 ’

427 3548 513 3614 Haeo
542 3568 622 3634 quae
652 3568 688 3612 ex
712 3547 879 3635 Hermippi
907 3548 973 3613 sine
1002 3546 1095 3612 dubio
1125 3547 1362 3612 accuratissima
1390 3546 1458 3611 vita
1485 3546 1576 3611 nobis

336 3660 463 3723 servata
486 3661 560 3723 sunt
582 3677 740 3744 perpauca
762 3657 950 3739 fragmenta,
975 3676 1166 3742 quamquam
1190 3656 1360 3739 imaginem
1379 3655 1465 3720 vitae
1489 3653 1576 3720 illius

337 3767 441 3830 animo
465 3764 689 3847 refingentibus
711 3764 800 3829 uobis
821 3784 884 3829 nou
900 3763 1068 3843 sufficiunt,
1092 3768 1200 3828 tamen
1216 3766 1372 3848 quatenus
1386 3759 1577 3827 Plutarchus

337 3873 377 3938 ab
406 3892 442 3937 eo
471 3871 606 3959 pendere
635 3870 793 3953 videatur,
824 3870 981 3937 iudicandi
1008 3870 1112 3936 locum
1141 3872 1219 3936 satis
1243 3869 1389 3935 idoneum
1413 3870 1576 3957 praebent,

337 3979 375 4044 de
398 4001 461 4065 qua
484 3999 516 4044 re
540 3979 622 4043 infra
644 3980 676 4043 in
698 4000 757 4044 uno
780 3982 949 4064 conspectu
965 3979 1071 4065 paucis
1088 3977 1286 4058 disseremus,
1311 3981 1479 4063 postquam
1496 3999 1578 4063 quae

337 4108 354 4151 e
377 4086 565 4153 Demetrii
588 4086 790 4170 Magnetis
822 4084 980 4152 Ciceronis
1003 4084 1161 4171 aequalis,
1191 4084 1366 4151 clarissimo
1396 4086 1470 4171 περὶ
1498 4084 1578 4166 ὁμο-

338 4190 443 4276 νύμων
466 4199 606 4281 ποιητῶν
631 4196 738 4259 τεκαὶ
761 4199 970 4281 συγγραφέων
994 4194 1143 4281 inscripto
1167 4213 1259 4280 opere
1278 4195 1418 4258 aetatem
1434 4192 1579 4259 tulerunt

339 4299 377 4367 de
401 4302 613 4370 Demosthene
637 4304 816 4387 fragmenta
839 4304 1074 4390 inspexerimus

427 4409 475 4476 De
499 4414 610 4478 ceteris
635 4413 697 4476 iam
721 4430 877 4476 unacum
901 4409 1104 4495 Hermippeis
1128 4409 1278 4490 diximus,
1306 4430 1388 4477 nuuc
1411 4410 1474 4476 tria
1496 4430 1579 4496 quae

338 4566 552 4576 ——-.——.-

387 4714 389 4719 ¹
413 4646 433 4721 ¹)
453 4649 501 4715 111,
522 4649 546 4714 1,
565 4665 591 4722 p.
614 4650 655 4720 ιι,
674 4652 731 4709 aaa
751 4648 776 4709 a.
