3392 5300
661 415 882 482 „53..

150 613 167 658 e
191 595 271 660 varii
295 595 418 679 generis
442 597 576 661 materia
599 596 758 678 confictas,
777 595 840 662 'sed
864 617 902 661 or
926 595 998 662 aliis
1021 597 1096 662 vitis
1120 598 1147 662 si
1170 617 1232 663 non
1253 603 1338 665 totas
1358 603 1394 665 at

150 702 305 769 maximas
329 707 435 790 partes
463 705 654 790 compositas
682 723 750 770 esse
779 701 919 770 effecisse
947 726 1004 770 nos
1033 725 1153 770 moneo.
1202 703 1290 783 Quod
1318 727 1393 773 vcro

150 831 271 893 omneS,
300 809 464 878 Plutarchi
488 817 584 899 atque
607 810 747 893 Libanii,
778 809 985 878 PsPlutarohi
1009 816 1104 899 atque
1128 811 1249 896 Photii,
1276 813 1392 881 Zosimi

148 919 310 1006 Anonymi
326 919 442 986 Suidae
465 921 549 986 vitas
572 925 638 986 tarn
664 920 795 987 diversis
819 921 1014 1008 temporibus
1038 923 1230 1007 compositas
1251 945 1314 988 una
1329 922 1392 989 dis·

148 1030 313 1114 putatione
342 1028 548 1116 complector,
584 1028 740 1095 offendere
768 1030 879 1116 nequit
906 1050 976 1095 cum
1008 1049 1045 1094 ex
1080 1029 1192 1095 iisdem
1227 1029 1391 1098 litterariis

149 1136 261 1203 studiis
289 1139 379 1223 quasi
408 1157 425 1203 e
453 1139 609 1204 communi
638 1159 713 1222 agro
742 1139 900 1224 profectas
928 1159 983 1204 eas
1011 1159 1079 1204 esse
1109 1140 1305 1225 perspicuum
1336 1140 1388 1219 sit,

149 1267 242 1332 quem
267 1267 348 1312 nunc
372 1247 547 1312 accuratius
570 1247 723 1333 inspicere
746 1267 872 1314 necesse
896 1249 954 1313 est.

238 1351 320 1420 Vitis
349 1353 505 1420 clarorum
529 1355 666 1420 virorum
691 1377 711 1419 a
732 1352 954 1441 Peripateticis
978 1355 1087 1441 primis
1110 1377 1258 1439 magnam
1283 1377 1389 1421 curam

147 1465 322 1548 impensam
339 1482 407 1529 esse
423 1468 532 1529 notum
549 1468 607 1544 est,
633 1464 719 1530 ouius
737 1464 937 1550 apertissima
960 1465 1096 1548 vestigia
1119 1465 1151 1528 in
1173 1464 1291 1530 nostris
1313 1484 1390 1550 quo-

146 1591 206 1657 que
231 1572 306 1636 vitis
330 1570 423 1637 facile
446 1575 610 1657 apparent.
659 1569 744 1649 Quae
773 1570 892 1652 studia,
923 1571 964 1636 ad
990 1592 1094 1637 mores
1122 1573 1224 1655 magis
1251 1573 1388 1636 virorum

146 1676 351 1746 illustrandos
380 1680 570 1765 spectantia,
605 1679 645 1745 ab
674 1677 898 1745 Alexandrinis
926 1676 1190 1765 Pergamenisque
1218 1677 1389 1764 philologis

146 1786 246 1872 iisque
270 1787 323 1872 qui
346 1809 363 1852 c
387 1787 562 1874 disciplinis
586 1808 692 1854 corum
722 1787 918 1873 prodierunt,
948 1791 1042 1852 aucta
1070 1791 1165 1873 atque
1194 1785 1389 1872 amplificata

144 1899 219 1960 sunt
246 1896 352 1960 etita
380 1895 545 1981 biographi
574 1917 642 1961 sese
672 1899 875 1982 exceperunt,
910 1898 947 1959 ut
974 1915 995 1958 a
1022 1893 1234 1981 superioribus
1268 1893 1388 1960 tradita

144 2003 262 2087 partim
278 2004 450 2096 retinerent
466 2004 582 2089 partim
598 2007 759 2069 mutarent
775 2004 892 2089 partim
908 2004 1169 2085 novisaugerent.
1206 2001 1387 2068 Itafactum
1520 2021 1522 2024 ’

144 2114 208 2192 est,
238 2115 274 2176 ut
302 2110 385 2197 apud
414 2113 582 2197 scriptores
610 2110 713 2194 longis
741 2115 919 2196 temporum
947 2111 1060 2196 spatiis
1085 2114 1222 2175 remotos
1245 2111 1387 2195 primarii

144 2217 246 2284 fontes
263 2239 343 2285 nunc
359 2239 480 2305 quoque
505 2217 588 2284 clare
613 2217 766 2300 eluceant,
791 2238 870 2305 quos
893 2219 978 2305 ipsos
1001 2219 1034 2282 iu
1057 2239 1148 2283 usum
1172 2223 1301 2284 vocatos
1317 2238 1386 2284 esse

143 2325 232 2391 nullo
256 2326 348 2392 modo
373 2326 573 2392 statuendum
598 2330 661 2408 est3
686 2348 781 2413 quam
805 2327 1021 2413 quaestionem
1045 2325 1084 2391 de
1099 2325 1250 2409 Diogenis
1266 2326 1387 2392 haertii

143 2433 283 2500 fontibus
306 2421 473 2500 Nietzscbc
485 2436 509 2520 ¹)
534 2411 730 2516 doctissime,
759 2454 952 2520 quamquam
974 2434 1139 2499 nonsatis
1163 2432 1312 2515 feliciter,
1340 2435 1387 2500 iu-

143 2542 258 2608 stituIt.

234 2650 343 2747 Neque
374 2650 468 2717 aliter
496 2651 534 2717 de
562 2629 785 2717 Demosthenis
814 2650 890 2716 vitis
917 2648 1117 2715 iudIcandum
1145 2650 1222 2715 mihi
1250 2650 1384 2731 videtur,

142 2780 223 2845 quae
248 2781 264 2825 e
288 2760 500 2847 biographicis
524 2759 589 2826 illis
613 2760 726 2826 studiis
750 2759 909 2845 profectae
932 2759 1028 2824 variis
1051 2761 1259 2844 posteriorum
1288 2760 1386 2844 scrip

141 2872 261 2949 torum,
290 2868 385 2934 iniis
409 2866 584 2949 rhetorum,
615 2866 840 2932 additamentis
864 2871 975 2932 auctae
999 2887 1071 2931 eam
1100 2888 1195 2952 quam
1223 2853 1304 2931 nunc
1332 2886 1385 2929 ex-

142 2974 254 3041 hibent
269 2977 403 3041 formam
419 2976 596 3042 induerunt.
633 2974 748 3042 Restat
763 2976 869 3059 igitur,
886 2979 931 3056 ut,
948 2974 1051 3060 quoad
1068 2973 1134 3038 fieri
1151 2974 1260 3059 possit,
1278 2994 1384 3038 eorum

141 3084 195 3168 qui
219 3088 252 3149 et
275 3105 312 3149 ex
336 3086 411 3151 vitIs
435 3085 512 3171 ipsis
535 3089 569 3150 et
592 3083 717 3150 aliunde
735 3085 802 3149 noti
819 3085 955 3149 vitarum
971 3082 1176 3167 scriptoribus
1191 3066 1383 3146 uberrimam

141 3192 308 3281 materiam
331 3191 612 3277 suppeditaverunt
635 3192 771 3275 uestigia
796 3190 997 3274 indagentur,
1023 3174 1091 3275 'qua
1117 3189 1150 3253 in
1180 3209 1213 3253 re
1242 3209 1282 3253 ne
1311 3208 1384 3253 con-

141 3298 268 3363 iacturis
298 3298 387 3363 firmo
416 3298 620 3365 fundamento
655 3300 834 3365 carentibus
869 3298 957 3364 locus
992 3298 1082 3363 detur
1117 3317 1212 3382 quam
1246 3298 1383 3361 maxime
1491 3317 1493 3320 ·

142 3404 314 3471 cavendum
331 3410 389 3471 est.
430 3406 537 3493 Atque
554 3409 649 3473 trium
666 3408 864 3493 scriptorum,
889 3408 942 3493 qui
957 3411 993 3471 ut
1015 3403 1257 3490 locupletissimi
1280 3404 1383 3469 fontes

142 3535 162 3579 a
185 3513 322 3579 vitarum
346 3514 551 3602 scriptoribus
576 3515 730 3601 imprimis
753 3514 888 3580 adeundi
912 3518 1003 3579 crant
1022 3514 1054 3578 in
1070 3513 1150 3580 vitis¹
1160 3511 1383 3577 Demosthenis

142 3622 276 3705 vestigIa
304 3623 518 3705 inveniuntur,
548 3644 628 3708 quae
658 3604 738 3689 nuno
766 3642 862 3708 quam
891 3623 1073 3687 cautissime
1102 3620 1280 3685 examinare
1304 3617 1383 3682 mihi
1439 3710 1442 3715 Ι

141 3730 337 3815 propositum
362 3734 419 3796 est.

231 3836 257 3901 E
281 3836 413 3922 Satyri
437 3836 519 3903 libro
543 3840 605 3919 βίον
630 3841 691 3901 τῶν
714 3837 853 3913 ἐνδόξων
880 3836 1006 3922 ἀνδρῶν
1030 3834 1178 3921 (Mueller
1206 3836 1243 3901 fr.
1273 3836 1304 3901 h.
1335 3857 1380 3918 gr.

141 3943 199 4027 III,
225 3965 255 4030 p.
275 3946 467 4029 loc-lec)
492 3944 643 4029 inscripto
667 3942 705 4009 de
722 3926 935 4009 Demosthene
959 3941 1041 4009 hanc
1063 3942 1154 4009 nobis
1170 3946 1310 4009 servavit
1324 3942 1382 4008 Ps-

139 4049 330 4117 Plutarchus
353 4053 499 4117 notitiam
524 4053 615 4137 (287,
641 4054 683 4117 68
702 4052 780 4137 sq.:)
810 4050 952 4137 Σάτυρος
974 4050 1005 4114 δ’
1026 4050 1042 4113 ὁ
1060 4052 1258 4136 συγγραφεὺς
1274 4052 1381 4135 (φησὶ)

68 4155 73 4164 ’
141 4160 195 4223 τὸν
230 4160 376 4241 κάλαμον
411 4160 656 4244 πεφαρμάχθαι
690 4158 714 4245 ᾤ
749 4160 889 4246 γράφειν
916 4157 1032 4243 ἤρξατο
1061 4158 1118 4242 τὴν
1144 4158 1315 4241 ἐπιστολὴν
1343 4154 1382 4220 ob

140 4267 336 4350 γευσάμενον
364 4265 570 4343 ἀποθανεῖν,
605 4287 668 4352 qua
695 4271 880 4353 comparata
907 4262 1057 4347 Roesigcr
1083 4263 1246 4329 Plutarchi
1282 4285 1307 4331 c.
1338 4267 1380 4328 29

141 4376 353 4441 narrationem
383 4375 422 4441 ad
451 4375 601 4461 Satyrum
630 4374 877 4463 Peripateticum
905 4372 1006 4439 redire
1034 4371 1134 4437 videri
1162 4393 1233 4437 cum
1265 4391 1382 4453 magna

230 4534 235 4539 .
249 4532 353 4539 -·.-—-

216 4609 235 4682 ¹)
255 4614 286 4665 In
306 4630 375 4667 mus.
394 4612 515 4667 Rhenau.
545 4614 597 4665 vol.
617 4614 717 4678 XXIII,
737 4630 764 4688 p.
785 4601 943 4688 632-653;
962 4610 1060 4681 XXIV,
1079 4627 1106 4686 p·
1128 4606 1278 4670 181—228.
