3392 5300
634 403 834 468 ,7-

208 584 430 652 Controversia
453 585 536 650 enim
560 587 618 665 est,
645 603 725 668 quae
748 583 831 648 inter
854 603 880 648 c.
907 583 994 665 56,5
1018 582 1115 648 verba
1137 581 1249 668 quibus
1270 581 1359 668 quali

114 693 237 760 ratione
253 691 461 758 Phocensimn
477 691 571 756 duces
588 689 746 772 sacrilegii
762 689 932 776 participes
948 690 1074 772 fuerint,
1096 691 1205 776 paucis
1220 710 1359 755 summo-

114 802 173 866 tim
197 799 480 887 comprehenditur,
505 803 538 864 et
561 819 615 864 eos
637 795 732 878 locos,
758 797 872 882 quibus
895 797 933 863 de
957 796 1090 880 stnguIIs
1106 798 1145 863 iis
1161 799 1358 863 incontinua

114 907 193 974 belli
221 909 401 974 narratione
430 907 595 993 exponitur
623 908 705 971 ratIo
733 905 918 971 intercedat.
971 903 1111 972 Offendit
1143 907 1227 972 enim
1262 927 1357 992 quam

114 1017 262 1098 maxime,
287 1015 370 1102 quod
386 1015 424 1081 de
440 1012 619 1080 Philomelc
635 1013 713 1079 duce
730 1012 850 1094 eodem,
875 1033 968 1099 quem
984 1033 1075 1080 sacra
1098 1012 1181 1079 dona
1203 1013 1357 1100 spoliasse

115 1127 147 1190 in
171 1145 197 1191 c.
225 1127 281 1206 30,
306 1133 320 1188 1
345 1124 461 1190 diserte
485 1122 616 1188 indicari
639 1119 731 1186 modo
755 1119 906 1203 vidimus,
935 1123 968 1186 in
992 1141 1017 1187 c.
1044 1122 1103 1205 56,
1125 1129 1143 1186 5
1165 1141 1228 1187 non
1255 1123 1358 1188 minus

115 1231 233 1298 diserte
250 1233 440 1299 contrarium
456 1232 560 1317 ipsum
576 1228 767 1296 affirmatur:
801 1230 863 1292 τῶν
878 1227 913 1292 δὲ
928 1216 1208 1314 προγεγενημένων
1222 1248 1357 1316 στρατη-

112 1342 179 1418 γῶν
206 1338 224 1405 ὁ
253 1339 312 1422 μὲν
339 1341 464 1425 πρῶτος
498 1337 598 1423 ἄρξας
629 1335 811 1421 Φιλόμηλος
839 1335 996 1415 ἀπέσχετο
1025 1339 1087 1399 τῶν
1120 1337 1356 1422 ἀναθημάτων.

113 1446 154 1514 Α.
181 1446 366 1531 Schaefer¹)
391 1446 438 1510 ita
461 1465 505 1546 se·
522 1442 697 1530 expedivit,
725 1447 762 1508 ut
788 1441 847 1508 illa
874 1463 900 1509 c.
926 1445 1022 1527 30,1
1051 1443 1205 1510 relatione
1220 1446 1357 1511 ¹omnino

112 1554 340 1642 repudiatae.
360 1556 401 1620 56
426 1553 606 1619 narratione
629 1554 666 1616 ut
689 1550 757 1617 sola
781 1572 855 1618 vera
873 1551 1028 1638 adoptata
1042 1551 1204 1638 Polyaeno
1228 1558 1357 1619 auctore

113 1663 150 1746 V,
176 1665 220 1728 46
245 1665 325 1746 (τοῖς
347 1661 440 1748 ἱεροῖς
463 1660 620 1746 χρήμασιν
643 1659 759 1744 ἀνέδην
781 1660 1026 1746 ἀποχρώμενος)
1042 1659 1256 1726 Philomelum
1277 1660 1357 1726 nihil

112 1770 200 1836 aliud
217 1791 312 1856 quam
328 1790 490 1836 versuram
514 1789 533 1832 a
555 1767 675 1854 templo
691 1766 845 1852 Delphico
870 1769 991 1850 fecisse,
1016 1768 1206 1856 spoliatione
1230 1790 1356 1855 prorsus

113 1882 303 1948 abstinuisse
327 1883 483 1946 statueret
490 1881 527 1965 ²),
553 1900 648 1965 quam
664 1876 906 1964 explicationem
922 1873 1050 1942 Haalrio
1066 1881 1196 1964 excepto
1213 1878 1357 1944 omnibus

112 1989 296 2076 probavisse
320 1987 453 2069 videtur,
478 1986 625 2073 probavit
646 1988 730 2052 certe
748 1982 996 2071 Volquardseno,
1021 1987 1076 2071 qui
1091 1987 1269 2071 nuperrime
1286 2007 1357 2051 earn

112 2097 299 2183 defendit3),
326 2095 433 2162 Curtio
442 2098 480 2183 ⁴),
506 2094 670 2179 Pandam),
695 2095 750 2180 qui
773 2093 893 2179 primus
917 2113 1045 2159 causam
1061 2092 1202 2180 aliquam
1218 2092 1355 2159 addidit:

113 2227 151 2271 ex
174 2207 354 2272 confusione
367 2203 430 2292 vel
454 2223 556 2269 errore
579 2201 710 2270 Diodori
733 2200 830 2266 verba
853 2198 913 2265 illa
941 2219 966 2266 e.
992 2202 1051 2283 30,
1075 2209 1089 2264 1
1119 2201 1261 2287 profecta
1288 2221 1356 2267 esse

113 2316 260 2401 opinatus
287 2314 350 2380 est!
398 2310 442 2378 Ut
471 2313 522 2378 via
550 2331 587 2377 ac
615 2311 737 2376 ratione
767 2309 800 2373 in
822 2308 882 2374 hac
910 2309 1124 2374 controversia
1152 2308 1357 2395 disceptanda

113 2426 254 2503 utamur,
283 2420 360 2486 duos
387 2418 462 2486 illos
489 2419 575 2484 locos
603 2419 664 2484 sibi
692 2418 866 2485 contrarios
894 2417 1033 2502 singulos
1061 2439 1175 2505 perse
1199 2420 1266 2484 sine
1290 2417 1358 2484 ulla

113 2532 318 2616 praesumpta
334 2529 480 2614 opinione
496 2547 591 2613 quarn
608 2527 842 2592 accuratissime
858 2527 1087 2613 perquiramus,
1108 2526 1141 2592 id
1158 2524 1241 2613 quod
1255 2526 1356 2591 multo

113 2637 229 2703 rectius
257 2635 336 2703 mihi
363 2635 501 2718 videtur,
538 2656 633 2721 quam
662 2633 759 2701 aliam
787 2633 975 2701 relationem
1003 2638 1040 2701 ut
1066 2634 1183 2702 falsam
1216 2635 1355 2717 reticere,

114 2744 213 2809 aliam
237 2765 275 2809 ex
297 2744 400 2809 alieno
417 2744 578 2829 scriptore,
604 2742 642 2808 de
658 2744 744 2809 cuius
760 2744 847 2809 fonte
863 2743 945 2809 nihil
960 2742 1160 2829 exploratum
1175 2748 1235 2825 est,
1259 2744 1357 2808 inter-

114 2852 244 2938 pretari,
269 2852 497 2938 discrepantias
521 2852 738 2937 apertissimas
758 2851 891 2917 infirmis
907 2852 1094 2918 coniecturis
1110 2851 1223 2917 tollere
1240 2851 1354 2918 conari.

204 2958 358 3027 Maximos
381 2961 414 3025 in
431 2958 591 3026 Schaeferi
614 2960 806 3025 sententiam
829 2960 992 3047 scrupulos
1015 2982 1139 3047 semper
1162 2962 1196 3025 in
1218 2980 1269 3025 me
1289 2980 1356 3025 mo-

112 3071 233 3135 verunt.
247 3066 406 3135 Diodorea
429 3068 526 3134 verba
549 3087 574 3133 c.
602 3070 654 3150 28,
678 3074 696 3131 2
720 3072 774 3132 uei)
796 3068 831 3131 δὲ
854 3069 997 3151 πολέμου
1021 3068 1253 3155 προςάεομένοο
1276 3091 1354 3154 χρη-

88 3156 91 3163 ¹
109 3176 232 3258 μάτων,
256 3181 320 3241 τῶν
334 3177 393 3260 μὲν
408 3175 500 3263 ἱερῶν
515 3172 740 3261 ἀναθημάτων
755 3178 920 3256 άπείχετο,
941 3178 1012 3251 τοὺς
1027 3176 1062 3240 δὲ
1077 3174 1228 3259 Δελφοὺς
1243 3174 1355 3241 εὔδαι-

107 3288 204 3366 μονίηι
227 3284 286 3345 καὶ
309 3284 439 3368 πλούτῳ
464 3284 676 3370 διαφέροντας
698 3284 863 3370 ἐπράξατο
891 3284 1021 3370 πλῆθος
1050 3284 1219 3370 χρημάτων
1244 3282 1357 3347 ἱκανὸν

111 3394 155 3465 εἰς
180 3391 251 3463 τοὺς
279 3396 340 3455 τῶν
363 3396 461 3467 ξένων
484 3393 633 3474 procace.
681 3390 892 3469 Quamobrem
913 3389 1124 3473 Philomelus,
1152 3391 1177 3457 si
1202 3412 1222 3455 a
1244 3389 1357 3477 templi

113 3498 263 3563 thesauro
287 3500 435 3584 pecunias
458 3502 596 3564 mutuari
620 3500 650 3564 ei
672 3498 773 3581 licuit,
799 3522 818 3565 a
834 3498 1046 3586 locupletibus
1061 3497 1258 3585 Delphorum
1273 3497 1357 3564 mili-

112 3610 181 3672 tum
205 3605 367 3690 stipendia
390 3606 514 3689 exegit?
555 3606 764 3684 Quamobrem
788 3630 944 3674 summum
960 3606 1155 3694 Delphorum
1174 3605 1280 3672 odium
1295 3606 1356 3671 sibi

112 3712 282 3794 excitavit,
313 3733 383 3779 cum
411 3714 464 3778 via
491 3714 619 3780 minime
642 3714 772 3781 insolita
795 3717 943 3802 pecunias
966 3735 1149 3801 comparare
1172 3715 1201 3780 ei
1225 3712 1355 3780 liceret?

110 3823 196 3890 Sane
220 3821 336 3886 mirum
361 3824 411 3887 est
434 3820 517 3906 quod
539 3819 742 3909 ἀναθήματα
766 3828 799 3889 et
821 3824 974 3910 χρήματα
991 3828 1060 3889 tam
1084 3821 1200 3889 diserte
1223 3821 1284 3887 sibi
1302 3841 1357 3907 op-

111 3933 288 4020 ponuntur3
312 3927 508 3995 Philomelus
533 3929 612 3996 nihil
636 3931 674 3997 de
699 3932 837 4017 pecuniis
862 3932 959 3998 sacris
983 3931 1170 4014 cogitavisse
1194 3929 1332 4009 videtur!

188 4148 207 4215 ¹)
227 4151 249 4215 I,
269 4165 297 4217 p.
317 4148 380 4215 453,
399 4150 456 4204 not.
478 4150 501 4201 1.
845 4178 851 4189 =

186 4236 207 4305 ²)
229 4241 261 4293 cf.
284 4242 378 4292 contra
397 4239 463 4291 lust.
483 4238 562 4304 VIII,
589 4238 688 4293 lauro
708 4243 736 4293 et
753 4241 870 4309 pecunia
887 4239 983 4293 divites
1003 4234 1054 4293 ete.
1091 4239 1171 4302 Paua.
1194 4238 1240 4304 10,
1268 4237 1298 4305 8,
1324 4239 1355 4306 3;

111 4329 282 4399 Theopompi
302 4330 367 4396 frag.
392 4327 450 4380 182.

184 4417 207 4485 ⁸)
226 4418 380 4473 Jahresber.
400 4418 460 4483 Vll,
478 4434 505 4487 p.
526 4418 586 4471 401.

184 4508 207 4576 ⁴)
228 4509 273 4564 Gr.
294 4506 371 4573 hist,
389 4508 430 4561 111
438 4506 455 4546 '⁸
474 4524 502 4577 p.
522 4506 584 4574 789,
603 4512 660 4563 not.
684 4510 725 4565 le.

182 4598 206 4669 ⁸)
225 4616 252 4671 p.
276 4594 339 4652 182.
