3392 5300
849 405 1071 469 ..12-

340 583 411 650 Non
435 584 529 650 aliter
552 605 577 651 c.
604 587 646 650 28
670 604 721 650 res
744 603 812 650 sese
835 583 947 650 habet:
982 603 1083 671 neque
1105 581 1137 648 oi
1158 584 1193 649 δὲ
1216 585 1353 650 Βοιωτοί
1379 583 1434 649 διά
1461 607 1495 647 τε
1528 584 1586 668 τήν

341 693 422 780 πρὸς
447 694 518 768 τοὺς
541 694 640 768 θεοὺς
662 689 825 775 εὗσέδειαν
847 693 901 756 καὶ
915 692 969 757 διὰ
987 693 1021 757 τὸ
1037 697 1209 778 συμφέρειν
1223 692 1332 768 οιῖιτοίς
1348 695 1404 768 τὰς
1420 695 1481 758 τῶν
1498 689 1586 776 Ἀμ-

341 801 520 885 φιιιευόνων
547 807 659 886 κρίσεις
685 806 817 884 βεβαίας
851 805 951 877 εἶναι,
984 801 1068 889 quod
1094 800 1209 868 Haalre
1220 803 1245 887 ¹)
1273 803 1410 884 monuit,
1444 802 1587 868 auctoris

339 908 552 976 Phocensibus
581 909 766 976 alienissimi
794 913 882 991 sunt,
910 931 1011 997 neque
1038 914 1175 995 βοηθεῖν
1202 913 1244 993 τῷ
1273 913 1340 984 θεῷ
1362 911 1381 995 ξ
1406 912 1426 976 3
1450 913 1484 975 et
1507 911 1528 996 ξ
1555 914 1586 991 4,

340 1018 394 1081 διὰ
419 1019 475 1104 τὴν
497 1019 578 1104 πρὸς
602 1019 657 1082 τὸν
680 1018 763 1080 θεὸν
785 1017 949 1100 εὐσέβειαν
970 1019 989 1103 ξ
1006 1020 1037 1100 4,
1061 1021 1197 1103 βοηθεῖν
1212 1020 1253 1104 τῷ
1268 1016 1340 1104 ἱερῷ
1355 1017 1516 1100 singrdare
1532 1018 1587 1083 vel

249 1209 252 1213 ι
341 1126 502 1212 proprium
525 1125 600 1212 quid
623 1125 750 1191 habent.
799 1124 1056 1222 Omninoquam
1084 1128 1222 1193 maxime
1250 1125 1422 1193 cavendum
1450 1129 1517 1208 est,
1547 1147 1587 1192 ne

341 1233 438 1299 colori
460 1235 650 1300 narrationis
673 1235 804 1299 nimium
827 1234 986 1300 tribuatur
1007 1236 1206 1302 auctoritatis
1221 1237 1255 1302 in
1270 1233 1418 1316 Diodoro,
1442 1235 1587 1322 quitum

342 1342 426 1407 facta
449 1341 530 1407 nude
554 1361 570 1406 e
594 1341 733 1407 fontibus
757 1342 821 1408 suis
845 1343 1020 1430 exscripsit,
1044 1348 1112 1410 tum
1135 1349 1297 1410 auctorum
1321 1364 1446 1410 suorum
1467 1341 1587 1408 iudicia

342 1451 609 1535 cogitationesque
633 1469 788 1515 unacum
811 1449 906 1516 rebus
928 1451 1102 1517 transtulit.
1139 1450 1188 1518 Ne
1211 1453 1244 1517 iu
1267 1471 1338 1539 opp.
1364 1454 1498 1518 30-33
1514 1452 1587 1538 qui·

342 1558 423 1639 dem,
452 1578 583 1643 quorum
608 1559 778 1624 maximam
802 1561 926 1644 partem
950 1559 1201 1626 benevolentiam
1223 1579 1299 1643 erga
1321 1558 1498 1627 Phocenses
1521 1581 1585 1624 non

343 1668 461 1752 spirare
486 1665 721 1753 Volquardseno
758 1672 791 1733 et
814 1666 932 1734 Packio
956 1669 1049 1735 facile
1073 1689 1181 1735 omnes
1204 1668 1385 1750 concedent,
1414 1667 1584 1735 aliusmodi

276 1849 280 1856 ⁴
342 1794 433 1841 voces
461 1774 587 1840 desunt:
619 1777 675 1856 30,
700 1783 713 1838 l
742 1773 939 1860 ἢνάγκάζετο
967 1777 1023 1840 κτλ
1052 1777 1107 1863 (ef.
1135 1798 1232 1863 supra
1259 1797 1290 1863 p.
1316 1777 1367 1862 8),
1396 1779 1456 1860 31,
1478 1781 1497 1840 2
1523 1801 1585 1859 με-

343 1887 466 1946 θέσθαι
477 1884 504 1969 ²)
523 1887 575 1967 τῆς
591 1881 802 1968 ὑπερηφάνου
817 1884 871 1947 καί
885 1883 989 1969 δεινῆς
1005 1889 1161 1971 τιμωρίας.
1201 1883 1390 1972 Magnopere
1405 1904 1479 1950 vcro
1495 1883 1586 1950 Pack

341 1991 469 2072 erravit,
494 1990 577 2078 quod
600 2011 626 2057 o.
645 1992 687 2057 33
712 1989 768 2056 alii
791 1991 873 2056 fonti
895 1991 1017 2072 tribuit,
1041 1990 1097 2056 alii
1119 2011 1188 2078 cap.
1210 1994 1342 2059 35-37
1360 1991 1474 2058 coloris
1491 2014 1587 2076 argo-

341 2102 448 2165 mento
472 2097 529 2164 illo
552 2099 646 2165 nimis
670 2119 786 2185 presso.
827 2097 942 2185 Capita
965 2099 1049 2165 enim
1073 2101 1116 2165 33
1139 2103 1173 2165 et
1195 2102 1236 2166 37
1262 2101 1420 2168 artissime
1443 2101 1528 2167 inter
1553 2124 1587 2167 se

342 2207 507 2273 coniuncta
530 2227 597 2272 esse
622 2207 674 2292 qui
699 2207 890 2273 sententiam
913 2208 946 2272 in
966 2211 1098 2294 utroque
1113 2208 1277 2274 simillimo
1293 2209 1385 2274 modo
1401 2229 1587 2295 expressam

341 2314 544 2397 intellexerit,
569 2313 722 2381 facillime
745 2313 909 2381 concedet:
931 2316 1019 2397 33,3
1042 2315 1155 2379 πάντα
1177 2315 1214 2379 δὲ
1227 2315 1343 2397 ῥαδίως
1364 2316 1505 2381 ἐπετέλει
1529 2318 1588 2381 διὰ

343 2425 399 2510 τὴν
428 2427 488 2487 τιὲν
515 2423 706 2511 ἀνθρώπων
734 2425 947 2510 φιλαργυρίαν
973 2424 1030 2488 ιιτλ
1057 2428 1091 2490 et
1114 2425 1212 2506 em
1238 2422 1257 2489 d
1284 2425 1346 2510 γὰρ
1379 2425 1493 2511 χρυσὸς
1529 2428 1590 2500 τὰς

343 2533 528 2607 πλεονεξίας
552 2533 613 2596 τῶν
635 2531 826 2619 ἀνθρώπων
848 2530 1077 2615 ἐκκαλούμενος
1098 2531 1279 2617 ἢνάγιιασεν
1298 2531 1487 2616 αιἰτομολεῖν
1503 2534 1590 2618 πρὸς

344 2641 399 2726 τὴν
414 2639 447 2703 ἐκ
465 2642 520 2705 τοῦ
533 2639 661 2727 κέρδους
675 2641 879 2705 λυσιτέλειαν.
912 2638 1035 2707 Deinde
1046 2637 1134 2728 'quod
1150 2638 1364 2708 Onomarehus
1379 2643 1414 2707 et
1427 2638 1590 2727 Phayllus

342 2748 481 2835 pecuniis
509 2748 597 2831 large
626 2747 804 2815 distributis
832 2749 933 2815 socios
961 2747 1022 2813 sibi
1056 2748 1231 2832 paravisse,
1267 2748 1374 2815 hostes
1408 2749 1591 2835 corrupisse

342 2857 500 2938 dicuntur,
529 2857 647 2943 optime
675 2856 708 2921 in
736 2856 923 2922 relationem
951 2875 1020 2943 opp.
1047 2857 1091 2921 30
1114 2860 1149 2922 et
1171 2858 1213 2922 33
1242 2855 1426 2943 quadrat³)‚
1455 2876 1540 2943 quae
1570 2879 1590 2923 e

344 2965 430 3030 fonte
456 2987 475 3031 a
498 2985 565 3051 cap.
592 2966 722 3030 23-27
749 2964 872 3030 diverso
895 2962 1022 3029 tinxisse
1045 2961 1163 3029 Pachio
1186 2983 1308 3049 quoque
1331 2969 1464 3031 constat.

436 3070 521 3149 Quae
544 3072 672 3138 tandem
696 3071 943 3153 δεισιδαιμονίας
966 3070 1101 3153 vestigia
1116 3071 1149 3135 in
1165 3090 1191 3136 c.
1210 3073 1250 3137 37
1268 3073 1477 3153 inveniuntur,
1502 3075 1593 3159 quod

344 3182 464 3248 auctori
488 3180 599 3261 eidem,
625 3182 673 3245 eui
697 3183 792 3265 caput
816 3180 859 3244 30
883 3178 1024 3261 debetur,
1048 3178 1185 3244 tribuere
1207 3178 1294 3246 Pack
1318 3200 1389 3246 curn
1409 3179 1593 3268 Volquard-

343 3310 418 3356 seno
442 3288 522 3353 nihil
546 3287 724 3354 dubitavit?
761 3285 846 3365 Quae
869 3285 998 3351 tandem
1021 3286 1054 3351 in
1078 3306 1102 3352 c.
1122 3288 1175 3368 33,
1200 3288 1283 3373 quod
1305 3308 1367 3354 non
1390 3290 1494 3355 minus
1513 3310 1593 3356 cou-

344 3397 476 3462 fidenter
500 3397 619 3463 auctori
642 3395 692 3460 illi
715 3394 953 3478 religiosissimo
977 3394 1169 3461 vindicavit?
1208 3394 1268 3473 eui
1291 3396 1374 3461 enim
1390 3394 1477 3463 Paolr
1485 3399 1513 3484 ⁴)
1539 3419 1590 3481 e0,

297 3592 300 3596 Ι
343 3505 427 3591 quod
450 3503 628 3569 Phocenses
652 3507 685 3568 et
708 3502 853 3569 Thessali
882 3523 952 3568 cum
978 3504 1018 3569 iis
1042 3502 1195 3568 foederati
1222 3504 1369 3587 πολέμιοι
1392 3508 1426 3571 et
1447 3505 1593 3571 ἐναντίοι

342 3612 562 3679 Thebanorum
586 3632 754 3699 eommque
778 3612 932 3677 sociomm
956 3610 1168 3698 appellantur,
1196 3617 1380 3695 argumento
1405 3614 1452 3678 uti
1475 3618 1593 3700 potue-

342 3722 399 3802 rit,
429 3721 507 3785 mihi
536 3720 662 3806 quidem
691 3720 854 3786 obscurum
883 3723 946 3800 est,
976 3720 1162 3806 praesertim
1191 3739 1261 3784 cum
1288 3721 1321 3785 in
1348 3720 1457 3786 eodem
1481 3724 1592 3809 capite

342 3828 583 3895 Lacedaemonii
607 3848 677 3893 cum
693 3825 901 3893 Phocensium
918 3825 1200 3913 Thessalorumque
1222 3827 1348 3894 auxiliis
1369 3827 1487 3895 Omeas
1511 3836 1593 3897 ante

344 3940 406 4000 τῶν
430 3937 591 4019 πολεμίων
614 3934 783 4001 adventum
808 3954 974 4021 occupasse
998 3933 1156 4000 dicantur!
1192 3933 1234 3999 Et
1256 3939 1364 4002 tamen
1387 3956 1449 4005 non
1465 3936 1593 4022 dubito,

342 4045 417 4131 quin
442 4064 510 4130 cap.
529 4045 673 4127 30-33,
698 4046 752 4126 37,
778 4046 819 4109 39
845 4047 954 4109 auctor
976 4042 1060 4107 idem
1084 4043 1187 4109 fuerit.
1229 4041 1314 4120 Quae
1338 4044 1471 4131 denique
1492 4045 1595 4110 δεισι-

342 4154 508 4237 δαιμονίας
532 4154 622 4237 signa
644 4155 677 4219 in
701 4174 726 4219 c.
749 4154 791 4218 40
816 4155 937 4235 extant,
962 4151 1000 4217 de
1024 4172 1085 4237 quo
1109 4171 1169 4217 non
1194 4150 1288 4217 aliter
1310 4151 1399 4220 Pach
1422 4152 1593 4241 iudicavit,

417 4335 426 4367 ¹
476 4378 482 4389 .
520 4336 545 4389 0.

417 4338 438 4493 ’l
456 4337 614 4493 1dieb-Cobet,
634 4428 703 4483 OolI.
724 4428 782 4482 orit.
806 4426 886 4493 1878,
905 4442 931 4495 p.
948 4425 1000 4479 247
1019 4442 1068 4495 pro
1087 4428 1260 4491 μεταθέσθαι.

415 4514 437 4577 ⁸)
458 4517 645 4587 Volquerdsen
664 4534 691 4586 p.
713 4517 772 4571 111.

395 4605 436 4674 ⁴)
457 4624 483 4676 p.
505 4608 564 4662 186.
