3392 5300
635 449 856 514 „11-

131 631 254 694 auctore
282 627 397 694 Philon
424 629 606 696 thesaurum
634 628 790 716 quendam
817 629 852 694 in
878 627 1000 716 templo
1027 629 1184 695 delossum
1211 628 1364 694 indicasse

131 741 273 802 narratur
284 738 316 822 ¹).
369 736 441 802 Non
467 737 570 803 solum
598 736 735 803 Homero
764 737 804 803 ad
832 736 1030 803 simillimum
1058 758 1149 803 usum
1183 737 1232 802 bis
1266 737 1364 802 citato

131 843 169 910 ad
191 865 286 912 unum
310 843 503 932 eundemque
530 844 647 911 fabulis
674 865 736 910 non
764 866 875 931 parum
903 845 1096 928 faventem2)
1125 848 1283 910 auctorem
1310 865 1365 909 ne.

131 953 261 1018 cessario
289 951 446 1036 ducimur,
474 953 530 1020 sed
557 955 654 1020 etiam
682 952 817 1020 colorem
845 952 1099 1019 narratiunculae
1127 973 1146 1018 a
1170 953 1210 1018 c.'
1224 955 1362 1018 23-27

130 1061 254 1126 minime
279 1061 416 1128 alienum
439 1083 508 1128 esse
531 1063 564 1127 in
588 1060 756 1148 propatulo
780 1064 837 1128 est.
878 1059 998 1127 Eadem
1020 1060 1203 1147 superstitio
1226 1061 1260 1125 in
1278 1064 1365 1125 utro-

130 1189 186 1253 que
210 1168 278 1234 loco
302 1171 464 1255 perspicue
488 1173 630 1256 apparet.
757 1255 764 1268 ι
1003 1244 1005 1248 ,

216 1276 263 1342 At
290 1277 415 1343 obstare
443 1277 533 1344 nobis
562 1277 707 1344 videntur
734 1278 922 1360 gravissima
948 1280 1148 1360 argumenta,
1182 1297 1262 1362 quae
1289 1274 1365 1341 Vol-

130 1384 281 1470 quardsen
310 1386 428 1472 primus
456 1387 489 1452 in
517 1385 654 1452 medium
682 1383 784 1468 duxit,
813 1383 902 1451 Pack
928 1385 1018 1451 novis
1042 1385 1144 1467 auxit,
1172 1383 1286 1470 reliqui
1309 1383 1365 1450 ad-

130 1497 324 1578 optaverunt.
375 1491 474 1572 Quam
503 1493 543 1560 ad
570 1514 636 1559 rem
665 1493 897 1560 diiudicandam
924 1513 961 1558 eo
988 1491 1070 1558 unde
1098 1491 1230 1578 proiecti
1258 1513 1364 1558 sumus

129 1599 317 1666 redeundum
348 1605 406 1666 est.
459 1599 667 1668 Consentiunt
700 1601 783 1666 enim
812 1599 1029 1686 Volquardsen
1063 1604 1097 1666 et
1122 1597 1225 1681 Pack,
1262 1599 1364 1666 colore

129 1708 277 1774 orationis
305 1729 431 1794 prorsus
460 1708 599 1774 diversos
626 1709 728 1774 fontes
756 1730 776 1773 a
798 1707 937 1774 Diodoro
960 1709 1134 1793 exscriptos
1157 1727 1240 1789 esse,
1269 1711 1364 1792 atque

129 1813 343 1901 Volquardsen
351 1818 378 1902 ³)
402 1817 526 1898 statuit,
551 1836 620 1903 epp.
639 1818 782 1897 nrt-40,
809 1817 941 1881 56-64
962 1820 1121 1882 auctorem
1136 1835 1253 1898 magna
1267 1815 1363 1878 διίσι-
1425 1890 1431 1900 ,

128 1923 275 2005 δαιμονίᾳ
299 1924 466 2010 impletum
489 1926 727 1992 infestissimum
743 1923 957 1991 Phocensibus
978 1925 1117 1989 animum
1132 1923 1278 2009 spirasse,
1302 1942 1364 2009 qno

128 2030 235 2096 eodem
259 2035 442 2114 argumento
466 2053 539 2098 usus
555 2029 643 2098 Pack
667 2033 772 2117 capita
792 2031 917 2114 singula
932 2031 1118 2118 perquisivit
1133 2035 1228 2117 atque
1245 2031 1364 2096 auctori

127 2137 175 2203 illi
198 2138 433 2220 religiosissimo
457 2161 527 2226 epp.
554 2143 696 2223 nti-oo,
722 2143 875 2223 31‚1—e‚
902 2142 956 2223 32,
984 2143 1038 2223 33,
1062 2142 1206 2222 38-40,
1232 2141 1365 2206 56-64

128 2246 293 2312 tribuenda
317 2267 384 2312 esse
408 2267 464 2333 pro
488 2252 573 2314 certo
597 2248 716 2314 habuit.

216 2351 295 2420 Oum
318 2358 428 2420 neuter
450 2357 483 2420 in
506 2355 566 2421 hac
588 2355 709 2421 difficili
733 2367 766 2421 re
790 2357 869 2422 satis
892 2359 982 2421 caute
998 2357 1099 2439 egisse
1114 2356 1193 2421 mihi
1210 2355 1363 2436 videatur,

126 2461 251 2545 singula
274 2464 380 2548 capita
404 2461 503 2528 denuo
527 2483 705 2548 percurrere
728 2483 854 2530 necesse
877 2467 936 2529 est.
980 2462 1088 2549 Atque
1111 2465 1144 2529 in
1167 2465 1269 2550 prima
1289 2463 1366 2529 Dio·
1460 2502 1463 2509 ·

126 2569 221 2635 dorca
244 2569 401 2656 particula
425 2572 588 2657 (23-27)
612 2570 738 2654 indicia,
763 2593 780 2638 e
803 2571 917 2658 quibus
940 2573 1002 2638 utri
1022 2573 1108 2659 parti
1123 2575 1233 2638 auctor
1247 2572 1363 2653 faveat,

126 2677 232 2761 colligi
267 2680 382 2764 possit,
419 2699 576 2765 perpauca
610 2684 691 2746 sunt.
744 2679 795 2745 Ab
823 2680 927 2746 altera
953 2682 1036 2745 enirn
1064 2685 1155 2767 parte
1186 2681 1366 2765 Φιλόμηλος

126 2786 242 2871 θράσει
266 2786 318 2849 καὶ
340 2792 528 2871 παρανομίᾳ
551 2786 713 2872 διαφέρων
737 2789 828 2869 23,1;
858 2788 1008 2874 ἐπειρᾶτο
1031 2788 1068 2851 δὲ
1090 2790 1146 2862 τὰς
1168 2792 1280 2874 κρίσεις
1304 2792 1366 2851 τῶν

119 2892 364 2975 Ἀμφικτυόνων
391 2891 519 2967 ἀδίκους
546 2893 706 2957 δεικνύναι
734 2895 816 2956 κατὰ
846 2895 880 2958 τὸ
909 2894 1047 2959 δυνατὸν
1075 2898 1094 2980 ξ
1124 2897 1159 2967 5:
1194 2897 1276 2981 πρὸς
1311 2896 1366 2979 τὴν

123 3000 286 3086 ὑπεροχήν
303 3003 357 3065 τοῦ
372 3001 559 3083 βιαζομένου
577 3002 629 3080 27,
649 3008 678 3076 1;
695 3000 747 3063 nal
764 3001 817 3064 τὸν
833 3001 978 3083 πόλεμον
992 3001 1075 3087 ὑπὲρ
1092 3005 1147 3066 τοῦ
1162 3006 1245 3066 θεοῦ
1259 3002 1364 3065 ἐπαν-

125 3110 245 3173 ιίλοντο
280 3108 492 3176 Phocensibus
526 3129 587 3175 non
622 3109 727 3175 favore
762 3108 942 3192 videantur,
981 3109 1022 3175 ab
1056 3108 1159 3175 altera
1195 3109 1364 3195 ἀνάνδρων

126 3215 285 3303 ὑπάρχων
309 3219 362 3300 23,
378 3226 412 3295 43
436 3218 550 3301 διόπερ
573 3216 635 3302 ἔφη
658 3217 724 3280 δεῖν
747 3214 960 3301 ἀμφισβητεῖν
981 3219 1056 3302 περὶ
1079 3220 1131 3301 τῆς
1148 3219 1202 3280 τοῖν
1215 3222 1364 3299 μαντείου

125 3331 320 3410 προστασίας
342 3328 360 3411 ᾗ
385 3328 420 3405 6,
451 3324 569 3389 τῶνδὲ
596 3328 731 3389 Φωκέων
753 3324 807 3387 διὰ
832 3324 887 3388 τὸν
909 3324 943 3387 ἐκ
967 3327 1019 3409 τῆς
1045 3324 1131 3409 δίκης
1158 3324 1265 3407 φόβον
1292 3323 1364 3387 ἑλο-

122 3437 228 3514 μένων
256 3432 354 3497 αὒιὸν
382 3433 599 3518 αὐτοκράτορα
627 3434 799 3517 στρατηγὸν
827 3432 881 3517 (of.
906 3430 999 3498 Paus.
1031 3434 1088 3512 10,
1119 3434 1154 3513 2,
1185 3433 1220 3517 3)
1247 3432 1304 3495 κτλ
1332 3435 1365 3496 et

123 3538 279 3605 nonnulla
303 3540 367 3605 alia
391 3541 529 3609 animum
553 3538 765 3605 Phocensibus
794 3539 920 3605 omnino
948 3539 1098 3605 infestum
1125 3559 1187 3604 non
1215 3538 1363 3605 indicant.

204 3739 223 3807 ¹)
243 3743 349 3807 Strabo,
369 3743 415 3811 qui
435 3741 546 3795 eandem
565 3756 620 3794 rem
640 3737 677 3809 (p.
691 3739 755 3805 420)
775 3741 861 3803 affert,
881 3756 928 3807 pro
941 3739 1072 3793 Phalaeco
1086 3739 1282 3793 Onomarehum
1295 3755 1364 3792 nun·

123 3837 222 3902 eupat;
250 3833 321 3886 idem
346 3832 379 3885 de
403 3831 567 3896 Philomelo,
595 3832 690 3899 templi
714 3830 885 3898 spoliationis
913 3832 1038 3894 auctore,
1066 3830 1138 3881 nihil
1165 3832 1364 3895 commemorat,

122 3940 289 3993 quamquam
314 3939 328 3976 a
353 3924 447 3989 templi
472 3922 621 3989 direptione
646 3924 674 3974 et
697 3922 859 3974 Phoenicum
883 3922 911 3973 et
934 3936 1039 3974 sacrum
1066 3922 1234 3988 appellatum
1259 3920 1363 3973 bellum

122 4018 214 4069 ortum
235 4031 291 4069 esse
312 4016 392 4082 paulo
413 4017 476 4068 ante
495 4015 611 4067 testatus
631 4015 680 4065 est.
1321 3999 1324 4003 ⁸

199 4100 220 4170 ¹)
240 4105 325 4169 Pacu,
350 4122 375 4172 p.
403 4104 469 4159 181:
504 4103 568 4166 „Die
587 4102 681 4166 Quellc
706 4097 845 4168 (ae-27)
871 4100 953 4155 licbte
976 4116 1004 4153 es
1022 4102 1094 4161 also,
1119 4100 1168 4152 aui
1184 4098 1361 4167 Sagenhaftes

121 4194 245 4262 (Homer)
265 4193 510 4262 zurdclaugehen“.
543 4194 582 4247 Ne
601 4194 663 4260 quis
683 4192 770 4246 verbis
790 4192 818 4245 in
838 4207 860 4245 e.
881 4191 925 4255 23,
940 4207 952 4247 a
965 4194 993 4245 et
1004 4190 1048 4251 56.
1064 4206 1076 4245 r
1091 4189 1187 4243 iisdem
1205 4190 1258 4243 lere
1271 4205 1288 4241 a
1300 4188 1363 4241 Dio·

121 4286 190 4338 doro
215 4286 344 4339 adhibitis
370 4288 467 4338 temere
490 4284 595 4336 nitatur
619 4283 792 4335 conterantur
817 4282 924 4335 Diodori
948 4282 987 4333 [ll
1007 4296 1047 4336 cs:
1081 4283 1230 4348 αιμφωνεῖν
1254 4280 1285 4331 δὲ
1310 4283 1364 4340 τοῖς

120 4377 279 4444 λεγομένοις
297 4372 338 4430 ὑπ’
359 4378 445 4429 αὐτῶν
463 4375 505 4427 καὶ
524 4375 567 4427 τὸν
586 4374 789 4441 ἐπιφανέστατον
802 4377 853 4425 τῶν
866 4370 927 4441 παρ’
935 4366 1045 4435 Ἕλλησι
1058 4369 1170 4439 ποιητῶν
1184 4371 1211 4423 ἐν
1224 4369 1262 4430 οἷς
1275 4388 1364 4439 παρει-

120 4468 202 4535 σάγει
220 4468 267 4536 τὴν
280 4461 367 4537 Ἥραν
385 4467 515 4535 λέγουσαν
533 4464 587 4529 κτλ,
606 4463 653 4516 sed
666 4462 789 4527 Broeher,
808 4462 1051 4529 Untersuehnngen
1065 4462 1130 4514 dher
1143 4459 1249 4513 Diodor.
1279 4475 1306 4526 p.
1322 4458 1363 4512 le.

119 4557 200 4625 quod
219 4572 310 4612 omnes
329 4556 484 4611 Homericos
504 4556 576 4609 locos
596 4551 711 4607 Diodoro
731 4552 783 4625 ipsi
802 4550 977 4620 adiudicarit
996 4566 1092 4624 parum
1110 4551 1190 4608 caute
1209 4549 1271 4624 egit.

196 4642 266 4716 ¹)p.
288 4644 437 4701 111-113.
