3392 5300
664 439 887 506 ...41-

153 627 215 688 τῶν
238 621 438 708 διδασκάλων
460 622 530 708 κτλ)
556 622 680 688 omissis
703 624 805 686 totum
826 620 983 686 oratoriae
999 620 1191 686 institutioni
1206 616 1393 684 incubuisse.

153 730 239 810 Quae
256 731 424 818 explicatio
441 729 575 812 Libanii,
601 749 694 816 quem
710 717 870 795 rhetorem
885 750 902 794 e
919 729 1005 794 fonte
1021 726 1211 794 Plutarcheo
1232 725 1395 793 simillimo

153 859 190 906 ac
218 839 450 906 necessitudine
478 839 615 926 quadam
644 859 714 905 cum
742 837 799 904 illo
826 839 990 904 coniuncto
1013 836 1156 903 hausisse
1179 839 1263 903 viros
1287 835 1396 902 doctos

152 967 215 1014 non
231 947 351 1032 effugit,
376 947 480 1015 verbis
495 967 558 1013 non
574 967 686 1034 parum
702 947 924 1034 comprobatur
939 949 985 1032 (p.
1005 947 1081 1027 294,
1104 948 1147 1011 29
1163 967 1211 1033 sq.
1229 943 1394 1010 Westerm.

152 1056 291 1143 Biogr.):
322 1062 390 1132 νέος
411 1055 451 1144 ἦν
473 1057 543 1140 μέν,
565 1052 607 1132 ὥς
630 1073 742 1141 φασιν,
765 1056 909 1141 ἀσθενὴς
932 1057 975 1142 τῷ
999 1055 1122 1137 σώματι
1141 1056 1194 1117 καὶ
1209 1053 1348 1139 νοσώδης
1359 1054 1395 1138 ¹),

152 1161 231 1229 ὥστε
246 1165 320 1252 μηδ’
336 1168 381 1240 τίς
395 1164 599 1252 παλαίστραν
614 1168 775 1250 φοιτῆσαι,
789 1164 947 1248 καθάπιρ
963 1163 1085 1238 πάντες
1097 1161 1127 1228 ολ
1141 1167 1203 1228 τῶν
1210 1164 1397 1248 Ἀθηναίων

153 1274 269 1348 παῖδας
296 1273 456 1338 ιλιλθισαν
483 1274 556 1349 κτλ,
584 1276 617 1339 et
645 1293 674 1339 v.
705 1274 747 1338 43
776 1267 847 1347 ὥςτ’
875 1267 938 1336 ἀπ’
960 1273 1078 1358 ἐκείνης
1102 1274 1155 1358 τῆς
1176 1268 1260 1358 ὧρας
1283 1271 1397 1335 πάντα

153 1383 302 1469 πάρεργα
325 1383 407 1467 πρὸς
431 1383 502 1457 τοὺς
525 1382 640 1461 λόγους
663 1385 799 1445 θέσθαι.
846 1379 926 1447 (lum
949 1380 1010 1446 hac
1033 1381 1101 1446 sine
1125 1379 1218 1445 dubio
1245 1377 1398 1445 benevola

155 1488 310 1556 relatione
334 1489 522 1557 Plutarchus
544 1509 584 1556 ex
607 1489 670 1557 alio
694 1491 781 1556 tonte
805 1488 903 1556 aliam
926 1487 1118 1555 malevolam
1142 1489 1196 1575 (cf.
1221 1487 1312 1553 Dein.
1342 1489 1395 1566 18,

154 1601 235 1686 257)
260 1600 466 1682 commiscuit,
490 1618 571 1685 quae
595 1597 842 1664 Demosthenem
866 1619 906 1665 ea
928 1619 1009 1684 quae
1033 1599 1183 1681 ingenuos
1206 1617 1319 1683 pueros
1343 1596 1397 1662 de-

153 1708 247 1776 cahat
269 1707 443 1774 eruditione
466 1712 607 1774 tutorum
623 1707 731 1774 fraude
747 1710 885 1774 caruisse
901 1705 1072 1788 contendit,
1098 1727 1193 1793 quam
1209 1705 1396 1772 relationem

153 1815 281 1882 aliunde
310 1815 343 1881 in
371 1816 514 1902 primarii
542 1817 678 1882 auctoris
706 1817 921 1882 narrationem
948 1814 1074 1881 illatam
1102 1835 1170 1881 esse
1199 1834 1274 1880 voce
1301 1813 1398 1888 δοκιῑ,

154 1925 218 1990 nisi
238 1923 351 2005 tallor,
380 1925 459 1990 satis
482 1923 680 2010 perspicuum
705 1928 755 1990 est
778 1923 889 2011 (aliter
912 1921 1029 2006 Gebh,
1058 1944 1088 2009 p.
1116 1924 1183 2008 28).
1232 1922 1337 2008 Atque
1365 1922 1397 1986 iu

155 2053 181 2100 e.
206 2033 225 2097 5
250 2052 374 2119 quoque
397 2031 527 2098 duorum
551 2030 678 2097 illorum
703 2035 866 2099 auctorum
889 2031 1041 2098 dissensio
1065 2031 1267 2116 apertissima
1289 2034 1398 2095 extare

155 2141 235 2207 mihi
263 2141 401 2208 videtur:
442 2138 599 2206 malevolo
629 2142 712 2206 enim
741 2139 839 2206 verba
866 2135 908 2214 ἅς
937 2161 1019 2214 τινες
1046 2140 1170 2217 λέγουσι
1198 2137 1253 2224 (de
1285 2136 1398 2224 quibus

155 2249 239 2316 idem
255 2248 338 2336 quod
353 2249 392 2316 de
408 2250 495 2314 δοκεί
506 2247 708 2316 iudicandum
724 2250 798 2334 est),
825 2249 880 2312 τὸν
901 2247 1074 2335 ὡρισμένον
1096 2247 1218 2329 μισθὸν
1229 2246 1398 2331 Ἰσοκράτιι
1452 2253 1458 2266 ’

156 2359 278 2423 τελέσαι
301 2360 343 2444 μὴ
367 2358 554 2441 δυνάμενος,
579 2359 634 2433 τὰς
657 2358 733 2422 δέκα
753 2361 849 2441 μνᾶς,
870 2357 926 2422 διαὶ
942 2358 999 2443 την
1012 2354 1176 2443 ὀρφανίαν
1191 2355 1310 2440 optime
1326 2373 1398 2420 eon-

155 2468 262 2534 venire
286 2468 357 2554 quis
380 2465 494 2551 negot?

146 2648 149 2653 ,
247 2573 403 2642 Similiter
426 2575 464 2642 de
488 2595 513 2642 e.
540 2578 649 2641 6-11
675 2574 876 2642 iudicandum
899 2596 969 2642 esse
992 2579 1025 2641 et
1041 2572 1244 2640 Gebhardum
1268 2574 1313 2659 (p.
1341 2571 1398 2657 16)

154 2686 306 2751 extremis
322 2704 348 2752 e.
368 2687 407 2749 11
426 2684 531 2751 verbis
548 2682 648 2768 (ἀλλὰ
665 2685 739 2770 περὶ
753 2685 812 2768 μὲν
829 2684 950 2749 τούτων
965 2690 1080 2770 καίπερ
1104 2682 1149 2746 ἔτι
1173 2683 1273 2746 πλείω
1296 2681 1399 2759 λέγειν

153 2786 281 2875 ἔχοντες
308 2793 457 2856 ἐνταῦθα
484 2792 684 2875 παυσόμεθα
711 2793 783 2877 κτλ)
812 2791 979 2878 deceptum
1002 2812 1064 2857 uno
1086 2796 1196 2857 tenore
1219 2794 1315 2876 atque
1338 2808 1398 2853 une

154 2922 174 2968 e
197 2902 285 2967 tonte
309 2900 415 2966 omnia
437 2920 476 2965 ea
499 2900 617 2986 scripta
640 2920 708 2967 esse
732 2920 794 2966 non
817 2903 903 2965 recte
926 2902 1077 2966 statuisse
1102 2919 1183 2965 nunc
1211 2898 1399 2985 probaturus

154 3030 236 3077 sum.
277 3008 315 3075 In
338 3028 364 3075 c.
384 3011 403 3073 6
427 3008 496 3073 init.
514 3007 743 3073 Demosthenes
766 3026 838 3073 cum
862 3006 1054 3094 epheborum
1077 3010 1219 3073 aetatem
1241 3008 1399 3089 ingressus

154 3117 328 3185 tutelarem
355 3136 482 3183 eausam
510 3117 641 3201 egisset,
679 3116 799 3199 τόλμαν
827 3117 909 3202 πρὸς
938 3116 971 3181 τὸ
1000 3117 1104 3195 λέγειν
1133 3116 1187 3179 καλ
1221 3114 1400 3199 συνήθειαν

154 3226 270 3312 ἱκανὴν
293 3226 404 3309 λαβὼν
425 3225 479 3288 καλ
500 3223 690 3308 γευσάμενος
714 3227 765 3311 τῆς
788 3225 863 3311 περὶ
885 3225 956 3299 τούς
978 3222 1105 3303 ἀγῶνας
1133 3224 1316 3307 φιλοτιμίας
1344 3221 1397 3283 καί

154 3332 319 3418 δυνάμεως
341 3336 385 3409 τίς
406 3338 502 3416 μέσον
525 3338 677 3420 παριέναι
700 3337 753 3397 καὶ
778 3334 816 3397 τὰ
840 3335 932 3399 κοινὰ
954 3332 1107 3420 πράττειν
1133 3334 1331 3416 ἐπεχείρησε,
1358 3330 1397 3395 cf.

155 3464 237 3530 quae
261 3440 356 3528 paulo
380 3444 453 3528 post
474 3440 636 3525 leguntur:
665 3437 764 3515 οὕτως
788 3444 829 3517 ab
844 3450 928 3526 Δημ.
953 3446 1067 3527 συνέβη
1083 3480 1125 3489 —-
1141 3441 1176 3503 ἐκ
1198 3437 1309 3503 τούτοιν
1324 3462 1399 3523 κτη-

155 3556 284 3637 σαμένην
299 3547 463 3635 δεινότητα
478 3552 531 3613 κοιλ
546 3548 684 3632 δύναμιν
698 3548 734 3612 έν
750 3560 813 3623 τοϊς
829 3549 1005 3623 πολιτικοῖς
1020 3546 1139 3627 ἀγῶσιν
1155 3587 1197 3595 -
1214 3545 1398 3632 πρωτεύειν.

155 3658 277 3738 Quibus
304 3658 409 3725 verbis
436 3657 517 3725 nihil
547 3656 634 3723 aliud
662 3677 757 3744 quam
786 3658 984 3743 sequentium
1012 3658 1152 3742 capitum
1181 3657 1399 3737 argumentum

155 3788 255 3855 quam
280 3767 463 3833 brevissime
487 3766 668 3832 adumbrari
691 3764 770 3830 mihi
793 3764 918 3830 videtur
940 3763 992 3830 cll.
1018 3765 1051 3829 in
1075 3762 1185 3829 eodem
1208 3762 1327 3847 capite:
1357 3762 1399 3825 δι’

152 3873 315 3961 &idaeam
338 3874 380 3938 δι’
401 3873 550 3957 ἀθυμίαν
554 3904 566 3953 ,·
589 3873 648 3938 ὑπ’
664 3873 826 3956 ἀτολμίας.
866 3871 1041 3958 Postquam
1058 3873 1141 3937 enim
1158 3873 1244 3957 (epp.
1262 3870 1398 3954 641),

153 3984 270 4070 quibus
293 3982 440 4050 remediis
464 3983 582 4069 corpo‘
625 3983 704 4049 vitia
732 3982 892 4049 sanaverit
919 3981 1094 4068 quibusque
1122 3978 1399 4045 exercitationibus
1524 3998 1527 4002 ·

153 4111 247 4159 suam
263 4093 418 4157 creaverit
442 4004 664 4177 eloqueddam
689 4088 880 4156 Plutarchus
895 4090 1071 4157 accuratius
1087 4088 1241 4175 exposuit,
1262 4087 1295 4151 in
1311 4106 1336 4152 c.
1357 4088 1398 4150 12

152 4199 208 4267 his
232 4200 350 4286 pergit:
380 4196 503 4286 ὥρμησε
524 4200 583 4282 μὲν
606 4196 666 4264 οὖν
687 4200 743 4263 ἐπὶ
766 4200 800 4263 τὸ
824 4196 977 4286 πράττειν
1001 4200 1040 4262 τὰ
1063 4198 1399 4262 sarracenorumve

153 4308 301 4391 πολέμου
329 4311 518 4381 συνεστῶτος
543 4308 616 4383 κτλ,
650 4306 762 4393 quibus
790 4304 832 4373 ad
862 4305 922 4371 illa
955 4326 981 4373 c.
1013 4309 1033 4371 6
1068 4309 1178 4392 aperte
1213 4303 1397 4369 reducimur.

234 4558 255 4629 ¹)
275 4564 312 4617 De
339 4563 457 4631 eorporis
482 4563 669 4618 imbecillitate
692 4562 803 4618 aliunde
827 4563 897 4619 nihil
923 4565 1042 4632 constat,
1072 4562 1126 4617 uisi
1149 4560 1291 4618 Aeschinis
1320 4560 1400 4615 uerba

152 4654 186 4721 3,
207 4652 259 4711 255
279 4668 360 4709 eausa
377 4654 497 4711 fuerunt.
