3392 5300
818 413 1040 483 „ag-

306 597 551 686 πολεμισιήριοζ
567 597 620 663 aut
644 599 677 664 τὸ
700 596 858 685 καθαρῶς
873 596 993 662 ἕκαστά
1007 598 1187 685 πράττειν),
1211 619 1308 685 quarn
1324 596 1451 666 oinnino
1467 594 1551 664 nihil

262 761 267 769 .
305 729 375 774 oum
411 709 514 774 verbis
549 711 615 774 eins
642 709 735 774 iacta
756 708 982 789 consentirent,
1018 708 1218 775 acerbissime
1247 709 1426 791 castigavit.
1479 706 1552 772 Non

304 816 409 903 plebis
436 816 611 882 studiosum
634 817 729 882 fuisse
754 819 915 881 auctorem
938 835 977 881 ex
999 814 1103 881 altera
1125 836 1248 902 qnoque
1272 816 1413 882 eiusdem
1435 815 1552 902 capitis

306 928 411 1010 parte,
447 945 542 1011 quam
571 947 593 990 a
619 927 721 1010 priore
749 922 902 1007 llocsiger
924 925 977 1009 (p.
1001 925 1061 1009 41)
1087 928 1207 990 temere
1234 925 1430 1008 segregavit,
1460 938 1552 1010 aper·-

305 1033 427 1126 tissime
444 1033 562 1114 elucet3
588 1031 742 1119 equidem,
768 1030 929 1097 Gebhardi
939 1033 963 1117 ¹)
987 1032 1157 1098 artificiosa
1174 1031 1385 1119 explicatione
1401 1053 1464 1100 non
1478 1051 1552 1118 pro-

307 1141 397 1224 bata,
427 1162 466 1206 ex
494 1161 555 1206 uno
585 1141 672 1209 fonte
698 1163 769 1207 eam
796 1140 925 1207 fluxuse
951 1160 1009 1226 pro
1032 1144 1118 1206 certo
1142 1140 1305 1207 contendo.
1353 1140 1426 1208 Non
1449 1139 1552 1209 solam

307 1247 562 1336 Theopompeum
585 1248 690 1316 locum
713 1249 768 1315 sed
792 1250 890 1314 etiam
911 1247 1062 1315 iudicium
1085 1251 1252 1333 (φαίνεται
1274 1250 1347 1333 nt)
1369 1253 1404 1315 et
1427 1249 1467 1314 de
1483 1247 1551 1314 An·-

307 1359 451 1444 ti'phontt
479 1379 516 1424 ac
538 1357 692 1424 Theoride
719 1357 972 1424 narratinriculas
998 1355 1169 1425 Plutarcho
1198 1358 1282 1424 idem
1307 1356 1553 1444 166666666ἀί-

307 1469 391 1534 tavit
415 1470 567 1554 (ceterum
591 1487 671 1553 quae
695 1465 734 1532 de
750 1465 905 1532 'lheoride
920 1464 1109 1548 afferuntur,
1139 1474 1241 1553 neqrne
1263 1487 1303 1532 ex
1325 1464 1551 1551 Philochorus)

267 1639 269 1644 ,
308 1575 476 1662 (Harpocr.
494 1597 519 1641 s.
537 1597 566 1642 v.
587 1576 719 1660 Θεωρὶς)
735 1573 870 1662 nequae
888 1574 1011 1663 [Dem]
1028 1596 1054 1642 6.
1068 1574 1208 1659 Aristcg.
1222 1575 1248 1658 I,
1266 1578 1285 1639 7
1289 1578 1309 1641 9
1325 1577 1430 1662 potita
1444 1576 1550 1660 sunt);

309 1684 420 1752 deinde
442 1684 548 1750 omnia
562 1683 695 1750 eandem
712 1685 864 1767 originem
879 1685 977 1770 (πρὸς
992 1686 1050 1760 τὰς
1063 1685 1243 1767 ἐπιθυμίας
1258 1686 1321 1749 τῶν
1336 1685 1467 1750 πολλῶν
1482 1683 1552 1747 ἐπι-

309 1794 484 1878 φυόμενος;
509 1793 636 1879 σφόδρα
651 1791 911 1878 ἀριστοκρατικὸν
931 1793 1013 1878 κτλ),
1037 1813 1058 1858 a
1079 1813 1105 1859 c.
1122 1795 1143 1859 8
1161 1792 1328 1875 diversam,
1352 1792 1552 1880 apertissime

309 1905 445 1985 arguunt
460 1899 625 1988 (Gebhard
640 1921 670 1987 p.
686 1903 754 1986 33).
789 1899 907 1979 Quodsi
921 1897 1155 1968 meminerimus
1170 1922 1227 1988 per
1242 1921 1333 1989 capp.
1346 1905 1455 1969 4-11
1475 1900 1554 1967 duas

308 2031 365 2076 nos
400 2031 496 2096 supra
530 2009 713 2094 distinxisse
730 2008 924 2092 relationes,
959 2007 1095 2097 priorem
1123 2010 1210 2097 plebi
1238 2011 1398 2077 faventem
1426 2030 1464 2076 ac
1490 2009 1554 2075 Do-

308 2119 466 2186 mestheni
494 2116 705 2198 benevolam,
724 2116 861 2182 alteram
888 2117 930 2182 ab
956 2118 1159 2205 optimatium
1186 2119 1329 2205 partibus
1352 2121 1495 2184 stantem
1517 2137 1555 2183 ac

308 2226 516 2293 Demostheni
539 2224 740 2308 malevolam,
764 2246 803 2292 ne
828 2225 958 2312 paulurn
979 2226 1353 2312 quidem'dubitabimus,
1377 2231 1554 2292 extremam

308 2356 335 2402 c,
362 2337 403 2401 13
433 2339 557 2420 partem
585 2338 749 2420 totumque
773 2355 798 2400 c.
826 2337 868 2401 14
891 2333 986 2400 altari
1008 2333 1060 2400 illi
1082 2337 1203 2402 auctori
1225 2335 1373 2402 tribuere.
1421 2334 1556 2402 Accedit

309 2443 393 2531 quod
416 2463 479 2508 non
502 2442 605 2509 solum
628 2443 661 2507 in
685 2461 713 2507 a
738 2445 790 2524 ll,
815 2441 871 2508 sed
894 2444 993 2508 otiam
1016 2444 1049 2509 in
1072 2464 1098 2510 c.
1126 2446 1168 2509 14
1191 2444 1347 2511 Demetrii
1370 2443 1553 2529 Phalerei³)

254 2543 256 2546 ’
308 2551 515 2618 Macedonum
543 2552 716 2616 sectatorisz
731 2571 844 2617 nomon
867 2550 1117 2618 luculentissime
1140 2556 1240 2618 extat.
1288 2550 1454 2638 Quousque
1478 2572 1553 2618 vero

308 2661 464 2726 Demetrii
488 2659 583 2725 verba
617 2660 811 2745 pertineant,
847 2659 976 2727 difficile
1003 2660 1089 2726 dictu
1115 2665 1181 2743 est3
1217 2660 1283 2742 sed,
1307 2662 1434 2727 etiamsi
1458 2660 1556 2726 verba

310 2770 384 2833 ουδὲ
407 2770 489 2854 πρὸς
513 2769 546 2832 τὸ
570 2769 750 2851 λαμβάνειν
772 2770 830 2845 κ’τλΙ
852 2790 914 2835 non
935 2770 1001 2834 iam
1017 2768 1173 2835 Demetrii
1195 2771 1306 2855 sint⁴),
1331 2774 1439 2835 tamen
1454 2789 1518 2835 uon
1536 2790 1556 2835 a

309 2876 482 2943 Plutarcho
506 2898 545 2941 er
560 2876 675 2943 Aesch.
701 2877 760 2959 Ill,
787 2880 851 2943 173
868 2878 1004 2944 conficta
1026 2876 1082 2943 sed
1103 2898 1122 2943 6
1145 2879 1232 2944 fonte
1254 2879 1447 2965 transcripta
1470 2882 1554 2958 sunt,

309 2986 348 3053 cf.
373 2985 466 3051 Diod.
493 2984 596 3066 XVII,
622 2988 652 3050 4.
705 2984 794 3051 Haec
821 2985 1137 3072 quidemvhactcnus.
1185 2983 1375 3053 Plutarchus
1403 2987 1502 3070 igitur
1523 2988 1557 3051 in

310 3094 371 3159 fine
401 3114 426 3159 c.
454 3095 496 3158 13
520 3094 610 3159 etin
633 3113 659 3159 c.
687 3095 729 3157 14
753 3093 794 3159 ad
818 3114 905 3174 eum,
934 3096 1187 3180 quamprimum
1210 3115 1236 3160 c.
1262 3097 1293 3176 4,
1323 3094 1435 3160 deinde
1460 3113 1486 3160 c.
1514 3098 1553 3158 11

310 3202 497 3268 adhibuerat
520 3201 640 3266 sontem
664 3200 768 3282 rediit,
793 3204 861 3287 quo'
877 3202 1007 3266 tertium
1023 3200 1130 3267 valore
1150 3202 1234 3267 iusso
1251 3222 1268 3267 e
1284 3204 1387 3288 priore
1401 3201 1556 3268 relatione

309 3310 533 3376 Demosthenis
556 3330 607 3375 ros
631 3308 703 3373 inde
727 3328 788 3374 ac.
812 3311 855 3373 16
878 3329 1025 3375 enarrare
1048 3309 1195 3395 perrexit,
1219 3309 1259 3375 de
1282 3310 1496 3395 quibusinfra
1509 3309 1557 3375 di-

310 3438 424 3483 oemus,
455 3416 541 3482 ¹Sed.
563 3417 643 3480 miro
673 3414 810 3501 quodam
838 3415 931 3481 modo
959 3415 1153 3483 malevolum
1175 3416 1268 3482 illurn
1286 3421 1466 3499 auctorem,
1495 3438 1557 3503 quo

309 3525 441 3591 tandem
468 3546 539 3590 cum
567 3522 762 3589 abdicavisse
786 3524 1045 3609 expectabamus,
1072 3523 1221 3609 quartum
1244 3524 1401 3591 consuluit
1423 3545 1557 3610 eumque

310 3655 367 3720 per
395 3654 420 3700 c.
452 3634 585 3699 20-26
615 3634 648 3697 in
676 3653 766 3698 usum
794 3634 928 3698 vocavit
976 3631 1188 3715 Argumenta,
1223 3634 1336 3720 quibus
1365 3621 1557 3699 sententiam

305 3742 392 3808 hanc
420 3764 440 3805 a
463 3740 631 3807 Gebhardo
662 3739 765 3806 valde.
783 3739 989 3807 dissidentem
1017 3741 1155 3827 proferre
1184 3761 1292 3824 cogor,
1328 3740 1452 3827 plenius
1475 3760 1557 3807 nunc

311 3849 524 3937 explicaturus
548 3870 626 3915 sum.

402 3956 460 4035 Qui
485 3977 510 4023 c.
531 3960 573 4021 14
597 3955 693 4022 verba
715 3958 868 4022 memoria
891 3960 1002 4022 tenens
1025 3959 1124 4047 cdd,
1149 3957 1472 4040 uanaedfligentur
1487 3977 1557 4043 per-

387 4175 396 4207 l
919 4205 922 4210 ,
1467 4199 1470 4203 .

386 4179 408 4334 ’1
427 4177 517 4322 dudd
535 4269 622 4337 Haug,
643 4268 690 4321 Die
710 4267 825 4332 Qucllen
843 4267 989 4320 Plutarcho
1007 4268 1065 4319 etc:
1096 4266 1165 4321 Tau.
1188 4265 1266 4321 1854.
1304 4284 1330 4335 p.
1351 4268 1394 4321 77.
1490 4294 1493 4297 ·

326 4400 330 4407 .
386 4356 408 4424 ⁸)
428 4359 523 4413 Virum
542 4358 652 4412 doctum
672 4359 720 4411 Ph.
742 4358 820 4424 Ap.
843 4356 895 4409 125
914 4360 942 4409 et
961 4355 1134 4410 Gebhardum
1151 4361 1180 4424 p.
1200 4357 1226 4423 7,
1250 4357 1267 4410 8
1286 4357 1477 4412 de'Demetrio
1497 4355 1555 4423 (14)

313 4452 385 4503 recte
405 4450 533 4502 statuisse
552 4437 729 4504 nunc'video.
767 4450 800 4501 cf.
822 4447 909 4514 flung,
929 4448 947 4498 l.
968 4447 986 4501 l.
1006 4463 1033 4514 p.
1053 4445 1097 4499 75.

386 4534 407 4605 ⁴)
428 4540 521 4594 Verbis
540 4542 579 4612 τῷ
596 4536 621 4592 δ’
642 4537 744 4593 ἄνωθεν
765 4565 798 4574 -
817 4535 1060 4601 κατακεκλυσμένος
1078 4538 1156 4589 nulla
1174 4552 1216 4589 res
1234 4540 1277 4590 est
1294 4545 1356 4591 cum
1374 4554 1398 4592 c.
1420 4536 1453 4590 12
1466 4535 1556 4603 ’(ὣςτε
1674 4509 1679 4569 l

313 4630 515 4703 θεραπεύεσθαι
533 4628 598 4694 κτλ).
637 4631 724 4683 Aliter
743 4625 877 4691 Gebhard,
897 4642 922 4694 p.
943 4625 973 4690 83
993 4624 1037 4680 32.
1289 4631 1294 4646 “·
