<?xml version="1.0" encoding="UTF-8"?>
<!DOCTYPE html PUBLIC "-//W3C//DTD XHTML 1.0 Transitional//EN"
    "http://www.w3.org/TR/xhtml1/DTD/xhtml1-transitional.dtd">
<html xmlns="http://www.w3.org/1999/xhtml" xml:lang="en" lang="en">
 <head>
  <title>
</title>
<meta http-equiv="Content-Type" content="text/html;charset=utf-8" />
  <meta name='ocr-system' content='tesseract 3.04.00' />
  <meta name='ocr-capabilities' content='ocr_page ocr_carea ocr_par ocr_line ocrx_word'/>
</head>
<body>
  <div class='ocr_page' id='page_1' title='image "./defontibusdemos02sturgoog_0052.png"; bbox 0 0 3392 5300; ppageno 0'>
   <div class='ocr_carea' id='block_1_1' title="bbox 799 432 1022 504">
    <p class='ocr_par' dir='ltr' id='par_1_1' title="bbox 799 432 1022 504">
     <span class='ocr_line' id='line_1_1' title="bbox 799 432 1022 504; baseline 0.009 -18"><span class='ocrx_word' id='word_1_1' title='bbox 799 432 1022 504; x_wconf 69' lang='lat'><strong>..43..</strong></span> 
     </span>
    </p>
   </div>
   <div class='ocr_carea' id='block_1_2' title="bbox 287 613 1594 3961">
    <p class='ocr_par' dir='ltr' id='par_1_2' title="bbox 287 613 1536 1987">
     <span class='ocr_line' id='line_1_2' title="bbox 288 613 1534 707; baseline 0.001 -24"><span class='ocrx_word' id='word_1_2' title='bbox 288 619 323 684; x_wconf 79' lang='lat' dir='ltr'>dt</span> <span class='ocrx_word' id='word_1_3' title='bbox 346 620 546 707; x_wconf 73' lang='grc' dir='ltr'><strong><em>χαρίεντες</em></strong></span> <span class='ocrx_word' id='word_1_4' title='bbox 570 617 725 684; x_wconf 75' lang='grc' dir='ltr'><strong><em>ταπεινὸν</em></strong></span> <span class='ocrx_word' id='word_1_5' title='bbox 747 617 801 682; x_wconf 71' lang='lat' dir='ltr'>net</span> <span class='ocrx_word' id='word_1_6' title='bbox 823 613 955 697; x_wconf 72' lang='grc' dir='ltr'>ἀγεννὲς</span> <span class='ocrx_word' id='word_1_7' title='bbox 977 615 1077 682; x_wconf 51' lang='lat' dir='ltr'>&amp;aab</span> <span class='ocrx_word' id='word_1_8' title='bbox 1097 615 1134 682; x_wconf 73' lang='lat' dir='ltr'>ud</span> <span class='ocrx_word' id='word_1_9' title='bbox 1157 613 1295 702; x_wconf 71' lang='grc' dir='ltr'><em>πλάσμα</em></span> <span class='ocrx_word' id='word_1_10' title='bbox 1316 615 1534 701; x_wconf 55' lang='lat' dir='ltr'>saputem</span> 
     </span>
     <span class='ocr_line' id='line_1_3' title="bbox 288 724 1533 812; baseline -0.001 -20"><span class='ocrx_word' id='word_1_11' title='bbox 288 729 353 793; x_wconf 80' lang='grc' dir='ltr'>κτλ.</span> <span class='ocrx_word' id='word_1_12' title='bbox 383 769 424 780; x_wconf 84' lang='grc'>-</span> <span class='ocrx_word' id='word_1_13' title='bbox 454 728 492 793; x_wconf 93' lang='lat' dir='ltr'>ln</span> <span class='ocrx_word' id='word_1_14' title='bbox 520 748 546 795; x_wconf 88' lang='lat' dir='ltr'>c.</span> <span class='ocrx_word' id='word_1_15' title='bbox 578 729 618 792; x_wconf 88' lang='grc'>27</span> <span class='ocrx_word' id='word_1_16' title='bbox 649 725 759 794; x_wconf 82' lang='lat' dir='ltr'>sabula</span> <span class='ocrx_word' id='word_1_17' title='bbox 794 745 847 808; x_wconf 89' lang='lat' dir='ltr'>ea,</span> <span class='ocrx_word' id='word_1_18' title='bbox 882 745 965 812; x_wconf 89' lang='lat' dir='ltr'>quae</span> <span class='ocrx_word' id='word_1_19' title='bbox 999 724 1164 792; x_wconf 90' lang='lat' dir='ltr'>simillima</span> <span class='ocrx_word' id='word_1_20' title='bbox 1199 726 1300 792; x_wconf 80' lang='lat' dir='ltr'>sonna</span> <span class='ocrx_word' id='word_1_21' title='bbox 1333 726 1367 792; x_wconf 93' lang='lat' dir='ltr'>in</span> <span class='ocrx_word' id='word_1_22' title='bbox 1393 724 1533 793; x_wconf 90' lang='lat' dir='ltr'>Pseudo-</span> 
     </span>
     <span class='ocr_line' id='line_1_4' title="bbox 287 830 1532 917; baseline -0.002 -16"><span class='ocrx_word' id='word_1_23' title='bbox 287 834 451 904; x_wconf 89' lang='lat' dir='ltr'>Plutarchi</span> <span class='ocrx_word' id='word_1_24' title='bbox 478 834 646 902; x_wconf 79' lang='lat' dir='ltr'><strong>Aeschinis</strong></span> <span class='ocrx_word' id='word_1_25' title='bbox 674 837 742 900; x_wconf 87' lang='lat' dir='ltr'>vita</span> <span class='ocrx_word' id='word_1_26' title='bbox 770 836 868 901; x_wconf 77' lang='lat'>8450</span> <span class='ocrx_word' id='word_1_27' title='bbox 896 830 936 900; x_wconf 88' lang='lat' dir='ltr'>de</span> <span class='ocrx_word' id='word_1_28' title='bbox 964 833 1145 900; x_wconf 86' lang='lat' dir='ltr'>adversario</span> <span class='ocrx_word' id='word_1_29' title='bbox 1173 833 1399 902; x_wconf 78' lang='lat' dir='ltr'><strong>Demosthenis</strong></span> <span class='ocrx_word' id='word_1_30' title='bbox 1430 838 1532 917; x_wconf 83' lang='lat' dir='ltr'>extat,</span> 
     </span>
     <span class='ocr_line' id='line_1_5' title="bbox 288 941 1533 1030; baseline -0.002 -18"><span class='ocrx_word' id='word_1_31' title='bbox 288 945 343 1012; x_wconf 91' lang='lat' dir='ltr'>sed</span> <span class='ocrx_word' id='word_1_32' title='bbox 370 945 437 1012; x_wconf 90' lang='lat' dir='ltr'>sine</span> <span class='ocrx_word' id='word_1_33' title='bbox 466 943 560 1010; x_wconf 92' lang='lat' dir='ltr'>dubio</span> <span class='ocrx_word' id='word_1_34' title='bbox 588 942 794 1011; x_wconf 72' lang='lat' dir='ltr'><strong>Demostheni</strong></span> <span class='ocrx_word' id='word_1_35' title='bbox 825 943 922 1030; x_wconf 85' lang='lat' dir='ltr'>priori</span> <span class='ocrx_word' id='word_1_36' title='bbox 950 942 1110 1025; x_wconf 87' lang='lat' dir='ltr'>adhaesit,</span> <span class='ocrx_word' id='word_1_37' title='bbox 1147 965 1168 1008; x_wconf 91' lang='lat' dir='ltr'>a</span> <span class='ocrx_word' id='word_1_38' title='bbox 1194 942 1348 1010; x_wconf 72' lang='lat' dir='ltr'>relatione</span> <span class='ocrx_word' id='word_1_39' title='bbox 1376 941 1437 1009; x_wconf 90' lang='lat' dir='ltr'>illa</span> <span class='ocrx_word' id='word_1_40' title='bbox 1468 943 1533 1010; x_wconf 89' lang='lat' dir='ltr'>iam</span> 
     </span>
     <span class='ocr_line' id='line_1_6' title="bbox 288 1051 1532 1140; baseline -0.002 -20"><span class='ocrx_word' id='word_1_41' title='bbox 288 1054 414 1140; x_wconf 91' lang='lat' dir='ltr'>penitus</span> <span class='ocrx_word' id='word_1_42' title='bbox 437 1057 514 1120; x_wconf 88' lang='lat' dir='ltr'>nota</span> <span class='ocrx_word' id='word_1_43' title='bbox 537 1073 599 1121; x_wconf 92' lang='lat' dir='ltr'>oon</span> <span class='ocrx_word' id='word_1_44' title='bbox 621 1052 779 1134; x_wconf 89' lang='lat' dir='ltr'>abhorret,</span> <span class='ocrx_word' id='word_1_45' title='bbox 803 1072 843 1118; x_wconf 93' lang='lat' dir='ltr'>ne</span> <span class='ocrx_word' id='word_1_46' title='bbox 859 1051 898 1118; x_wconf 94' lang='lat' dir='ltr'>de</span> <span class='ocrx_word' id='word_1_47' title='bbox 913 1051 1002 1119; x_wconf 80' lang='lat' dir='ltr'>exilii</span> <span class='ocrx_word' id='word_1_48' title='bbox 1016 1054 1197 1118; x_wconf 75' lang='lat' dir='ltr'>narratione</span> <span class='ocrx_word' id='word_1_49' title='bbox 1213 1056 1246 1118; x_wconf 92' lang='lat' dir='ltr'>et</span> <span class='ocrx_word' id='word_1_50' title='bbox 1261 1051 1532 1138; x_wconf 84' lang='lat' dir='ltr'>apophthegmate</span> 
     </span>
     <span class='ocr_line' id='line_1_7' title="bbox 288 1158 1534 1244; baseline -0.002 -16"><span class='ocrx_word' id='word_1_51' title='bbox 288 1160 511 1228; x_wconf 77' lang='lat' dir='ltr'>Demosthenis</span> <span class='ocrx_word' id='word_1_52' title='bbox 534 1160 632 1230; x_wconf 87' lang='lat' dir='ltr'>verba</span> <span class='ocrx_word' id='word_1_53' title='bbox 654 1161 779 1228; x_wconf 87' lang='lat' dir='ltr'>faciam.</span> <span class='ocrx_word' id='word_1_54' title='bbox 820 1158 1025 1226; x_wconf 68' lang='lat' dir='ltr'>intrasse</span> <span class='ocrx_word' id='word_1_55' title='bbox 1049 1161 1184 1244; x_wconf 81' lang='lat' dir='ltr'>vestigia</span> <span class='ocrx_word' id='word_1_56' title='bbox 1206 1161 1343 1228; x_wconf 89' lang='lat' dir='ltr'>auctoris</span> <span class='ocrx_word' id='word_1_57' title='bbox 1365 1158 1454 1227; x_wconf 91' lang='lat' dir='ltr'>illius</span> <span class='ocrx_word' id='word_1_58' title='bbox 1470 1179 1534 1226; x_wconf 89' lang='lat' dir='ltr'>non</span> 
     </span>
     <span class='ocr_line' id='line_1_8' title="bbox 288 1267 1533 1356; baseline -0.002 -20"><span class='ocrx_word' id='word_1_59' title='bbox 288 1273 411 1356; x_wconf 90' lang='lat' dir='ltr'>patent,</span> <span class='ocrx_word' id='word_1_60' title='bbox 439 1271 535 1336; x_wconf 92' lang='lat' dir='ltr'>immo</span> <span class='ocrx_word' id='word_1_61' title='bbox 559 1289 631 1356; x_wconf 89' lang='lat' dir='ltr'>epp.</span> <span class='ocrx_word' id='word_1_62' title='bbox 656 1271 697 1335; x_wconf 99' lang='grc'>27</span> <span class='ocrx_word' id='word_1_63' title='bbox 723 1289 770 1356; x_wconf 91' lang='lat' dir='ltr'>sq.</span> <span class='ocrx_word' id='word_1_64' title='bbox 794 1267 893 1334; x_wconf 88' lang='lat' dir='ltr'>aliam</span> <span class='ocrx_word' id='word_1_65' title='bbox 917 1269 1069 1352; x_wconf 77' lang='lat' dir='ltr'>originem</span> <span class='ocrx_word' id='word_1_66' title='bbox 1093 1268 1219 1336; x_wconf 81' lang='lat' dir='ltr'>duxisse</span> <span class='ocrx_word' id='word_1_67' title='bbox 1241 1269 1409 1338; x_wconf 81' lang='lat' dir='ltr'>verbomm</span> <span class='ocrx_word' id='word_1_68' title='bbox 1431 1273 1533 1351; x_wconf 87' lang='lat' dir='ltr'>tenor,</span> 
     </span>
     <span class='ocr_line' id='line_1_9' title="bbox 287 1374 1536 1464; baseline -0.001 -19"><span class='ocrx_word' id='word_1_69' title='bbox 287 1379 321 1445; x_wconf 94' lang='lat' dir='ltr'>ni</span> <span class='ocrx_word' id='word_1_70' title='bbox 347 1375 457 1460; x_wconf 80' lang='lat' dir='ltr'>fallor,</span> <span class='ocrx_word' id='word_1_71' title='bbox 486 1380 554 1464; x_wconf 91' lang='lat' dir='ltr'>ipse</span> <span class='ocrx_word' id='word_1_72' title='bbox 582 1375 831 1444; x_wconf 88' lang='lat' dir='ltr'>luculentissime</span> <span class='ocrx_word' id='word_1_73' title='bbox 858 1375 1008 1444; x_wconf 85' lang='lat' dir='ltr'>ostendit.</span> <span class='ocrx_word' id='word_1_74' title='bbox 1055 1374 1135 1464; x_wconf 83' lang='lat' dir='ltr'>Opp.</span> <span class='ocrx_word' id='word_1_75' title='bbox 1160 1379 1201 1442; x_wconf 87' lang='grc'>21</span> <span class='ocrx_word' id='word_1_76' title='bbox 1231 1381 1266 1444; x_wconf 91' lang='lat' dir='ltr'>et</span> <span class='ocrx_word' id='word_1_77' title='bbox 1289 1379 1331 1444; x_wconf 86' lang='grc'>22</span> <span class='ocrx_word' id='word_1_78' title='bbox 1360 1380 1536 1444; x_wconf 85' lang='lat' dir='ltr'>maximam</span> 
     </span>
     <span class='ocr_line' id='line_1_10' title="bbox 288 1482 1535 1573; baseline 0 -21"><span class='ocrx_word' id='word_1_79' title='bbox 288 1485 414 1573; x_wconf 91' lang='lat' dir='ltr'>quidem</span> <span class='ocrx_word' id='word_1_80' title='bbox 442 1491 568 1573; x_wconf 88' lang='lat' dir='ltr'>partem</span> <span class='ocrx_word' id='word_1_81' title='bbox 596 1482 810 1552; x_wconf 87' lang='lat' dir='ltr'>aPlutarcho</span> <span class='ocrx_word' id='word_1_82' title='bbox 837 1485 908 1572; x_wconf 91' lang='lat' dir='ltr'>ipso</span> <span class='ocrx_word' id='word_1_83' title='bbox 936 1504 975 1551; x_wconf 84' lang='lat' dir='ltr'>ex</span> <span class='ocrx_word' id='word_1_84' title='bbox 997 1483 1221 1552; x_wconf 84' lang='lat' dir='ltr'>Demosthenis</span> <span class='ocrx_word' id='word_1_85' title='bbox 1242 1485 1472 1573; x_wconf 82' lang='lat' dir='ltr'>Aeschinisque</span> <span class='ocrx_word' id='word_1_86' title='bbox 1500 1488 1535 1552; x_wconf 94' lang='lat' dir='ltr'>in</span> 
     </span>
     <span class='ocr_line' id='line_1_11' title="bbox 289 1592 1533 1682; baseline 0 -22"><span class='ocrx_word' id='word_1_87' title='bbox 289 1592 516 1681; x_wconf 83' lang='lat' dir='ltr'>Ctesiphontea</span> <span class='ocrx_word' id='word_1_88' title='bbox 547 1614 643 1662; x_wconf 89' lang='lat' dir='ltr'>causa</span> <span class='ocrx_word' id='word_1_89' title='bbox 677 1594 866 1680; x_wconf 88' lang='lat' dir='ltr'>scriptarum</span> <span class='ocrx_word' id='word_1_90' title='bbox 901 1594 1079 1660; x_wconf 90' lang='lat' dir='ltr'>orationum</span> <span class='ocrx_word' id='word_1_91' title='bbox 1113 1593 1218 1662; x_wconf 92' lang='lat' dir='ltr'>studio</span> <span class='ocrx_word' id='word_1_92' title='bbox 1253 1595 1429 1682; x_wconf 80' lang='lat' dir='ltr'>composite</span> <span class='ocrx_word' id='word_1_93' title='bbox 1463 1613 1533 1660; x_wconf 89' lang='lat' dir='ltr'>esse</span> 
     </span>
     <span class='ocr_line' id='line_1_12' title="bbox 290 1700 1533 1790; baseline -0.002 -20"><span class='ocrx_word' id='word_1_94' title='bbox 290 1702 388 1770; x_wconf 87' lang='lat' dir='ltr'>videri</span> <span class='ocrx_word' id='word_1_95' title='bbox 404 1700 571 1770; x_wconf 87' lang='lat' dir='ltr'>Gebhardo</span> <span class='ocrx_word' id='word_1_96' title='bbox 588 1705 634 1790; x_wconf 91' lang='lat' dir='ltr'>(p.</span> <span class='ocrx_word' id='word_1_97' title='bbox 653 1704 797 1783; x_wconf 80' lang='lat'>46-48,</span> <span class='ocrx_word' id='word_1_98' title='bbox 823 1703 883 1787; x_wconf 85' lang='lat'>50)</span> <span class='ocrx_word' id='word_1_99' title='bbox 898 1701 1108 1770; x_wconf 87' lang='lat' dir='ltr'>libentissime</span> <span class='ocrx_word' id='word_1_100' title='bbox 1123 1701 1274 1785; x_wconf 76' lang='lat' dir='ltr'>concedo,</span> <span class='ocrx_word' id='word_1_101' title='bbox 1291 1723 1317 1770; x_wconf 91' lang='lat' dir='ltr'>c.</span> <span class='ocrx_word' id='word_1_102' title='bbox 1337 1705 1380 1769; x_wconf 87' lang='grc'>24</span> <span class='ocrx_word' id='word_1_103' title='bbox 1396 1701 1533 1769; x_wconf 87' lang='lat' dir='ltr'>alteram</span> 
     </span>
     <span class='ocr_line' id='line_1_13' title="bbox 289 1807 1534 1898; baseline 0.002 -23"><span class='ocrx_word' id='word_1_104' title='bbox 289 1816 412 1898; x_wconf 85' lang='lat' dir='ltr'>partem</span> <span class='ocrx_word' id='word_1_105' title='bbox 441 1809 543 1876; x_wconf 92' lang='lat' dir='ltr'>eidem</span> <span class='ocrx_word' id='word_1_106' title='bbox 571 1812 620 1877; x_wconf 90' lang='lat' dir='ltr'>cui</span> <span class='ocrx_word' id='word_1_107' title='bbox 650 1829 676 1877; x_wconf 89' lang='lat' dir='ltr'>c.</span> <span class='ocrx_word' id='word_1_108' title='bbox 704 1810 745 1875; x_wconf 83' lang='lat'>15</span> <span class='ocrx_word' id='word_1_109' title='bbox 774 1809 882 1877; x_wconf 87' lang='lat' dir='ltr'>deberi</span> <span class='ocrx_word' id='word_1_110' title='bbox 907 1808 1055 1876; x_wconf 87' lang='lat' dir='ltr'>relationi</span> <span class='ocrx_word' id='word_1_111' title='bbox 1077 1808 1131 1878; x_wconf 91' lang='lat' dir='ltr'>cll.</span> <span class='ocrx_word' id='word_1_112' title='bbox 1156 1807 1285 1878; x_wconf 89' lang='lat' dir='ltr'>PsPlot.</span> <span class='ocrx_word' id='word_1_113' title='bbox 1310 1813 1376 1878; x_wconf 79' lang='lat'>840</span> <span class='ocrx_word' id='word_1_114' title='bbox 1399 1832 1426 1878; x_wconf 90' lang='lat' dir='ltr'>c.</span> <span class='ocrx_word' id='word_1_115' title='bbox 1451 1813 1534 1878; x_wconf 82' lang='lat' dir='ltr'>ueri·</span> 
     </span>
     <span class='ocr_line' id='line_1_14' title="bbox 289 1919 569 1987; baseline -0.011 0"><span class='ocrx_word' id='word_1_116' title='bbox 289 1919 487 1987; x_wconf 91' lang='lat' dir='ltr'>simillimum</span> <span class='ocrx_word' id='word_1_117' title='bbox 511 1923 569 1986; x_wconf 86' lang='lat' dir='ltr'>est.</span> 
     </span>
    </p>

    <p class='ocr_par' dir='ltr' id='par_1_3' title="bbox 288 2022 1594 3961">
     <span class='ocr_line' id='line_1_15' title="bbox 377 2022 1594 2112; baseline 0.002 -18"><span class='ocrx_word' id='word_1_118' title='bbox 377 2026 567 2095; x_wconf 75' lang='lat' dir='ltr'>Plutarchus</span> <span class='ocrx_word' id='word_1_119' title='bbox 590 2029 687 2112; x_wconf 82' lang='lat' dir='ltr'>igitur</span> <span class='ocrx_word' id='word_1_120' title='bbox 710 2047 737 2094; x_wconf 88' lang='lat' dir='ltr'>e.</span> <span class='ocrx_word' id='word_1_121' title='bbox 763 2029 805 2092; x_wconf 86' lang='grc'>26</span> <span class='ocrx_word' id='word_1_122' title='bbox 831 2031 993 2095; x_wconf 87' lang='lat' dir='ltr'>auctorem</span> <span class='ocrx_word' id='word_1_123' title='bbox 1020 2028 1054 2094; x_wconf 93' lang='lat' dir='ltr'>in</span> <span class='ocrx_word' id='word_1_124' title='bbox 1077 2027 1302 2096; x_wconf 89' lang='lat' dir='ltr'>Demosthenis</span> <span class='ocrx_word' id='word_1_125' title='bbox 1330 2031 1432 2097; x_wconf 86' lang='lat' dir='ltr'>vitam</span> <span class='ocrx_word' id='word_1_126' title='bbox 1459 2049 1533 2096; x_wconf 89' lang='lat' dir='ltr'>oon·</span> <span class='ocrx_word' id='word_1_127' title='bbox 1589 2022 1594 2033; x_wconf 67' lang='grc'><em>“</em></span> 
     </span>
     <span class='ocr_line' id='line_1_16' title="bbox 289 2135 1533 2224; baseline -0.002 -19"><span class='ocrx_word' id='word_1_128' title='bbox 289 2139 371 2206; x_wconf 87' lang='lat' dir='ltr'>vicia</span> <span class='ocrx_word' id='word_1_129' title='bbox 393 2136 595 2224; x_wconf 87' lang='lat' dir='ltr'>undecunque</span> <span class='ocrx_word' id='word_1_130' title='bbox 619 2140 839 2220; x_wconf 82' lang='lat' dir='ltr'>congerentem</span> <span class='ocrx_word' id='word_1_131' title='bbox 864 2135 1001 2220; x_wconf 86' lang='lat' dir='ltr'>dimisit,</span> <span class='ocrx_word' id='word_1_132' title='bbox 1029 2140 1066 2203; x_wconf 92' lang='lat' dir='ltr'>ut</span> <span class='ocrx_word' id='word_1_133' title='bbox 1093 2136 1225 2204; x_wconf 90' lang='lat' dir='ltr'>ultimas</span> <span class='ocrx_word' id='word_1_134' title='bbox 1252 2140 1387 2205; x_wconf 86' lang='lat' dir='ltr'>oratoris</span> <span class='ocrx_word' id='word_1_135' title='bbox 1415 2158 1467 2204; x_wconf 90' lang='lat' dir='ltr'>res</span> <span class='ocrx_word' id='word_1_136' title='bbox 1494 2157 1533 2204; x_wconf 85' lang='lat' dir='ltr'>ex</span> 
     </span>
     <span class='ocr_line' id='line_1_17' title="bbox 290 2243 1532 2334; baseline 0 -21"><span class='ocrx_word' id='word_1_137' title='bbox 290 2266 341 2330; x_wconf 88' lang='lat' dir='ltr'>eo,</span> <span class='ocrx_word' id='word_1_138' title='bbox 370 2266 431 2334; x_wconf 90' lang='lat' dir='ltr'>quo</span> <span class='ocrx_word' id='word_1_139' title='bbox 460 2245 660 2332; x_wconf 90' lang='lat' dir='ltr'>potissimum</span> <span class='ocrx_word' id='word_1_140' title='bbox 689 2244 766 2311; x_wconf 87' lang='lat' dir='ltr'>duce</span> <span class='ocrx_word' id='word_1_141' title='bbox 795 2243 834 2310; x_wconf 91' lang='lat' dir='ltr'>de</span> <span class='ocrx_word' id='word_1_142' title='bbox 862 2245 1012 2332; x_wconf 90' lang='lat' dir='ltr'>pueritia,</span> <span class='ocrx_word' id='word_1_143' title='bbox 1041 2244 1080 2312; x_wconf 94' lang='lat' dir='ltr'>de</span> <span class='ocrx_word' id='word_1_144' title='bbox 1108 2245 1297 2329; x_wconf 86' lang='lat' dir='ltr'>eruditione,</span> <span class='ocrx_word' id='word_1_145' title='bbox 1326 2247 1532 2329; x_wconf 82' lang='lat' dir='ltr'>orationihus,</span> 
     </span>
     <span class='ocr_line' id='line_1_18' title="bbox 289 2353 1533 2442; baseline -0.001 -21"><span class='ocrx_word' id='word_1_146' title='bbox 289 2354 423 2442; x_wconf 89' lang='lat' dir='ltr'>publicis</span> <span class='ocrx_word' id='word_1_147' title='bbox 446 2355 621 2420; x_wconf 87' lang='lat' dir='ltr'>rationibus</span> <span class='ocrx_word' id='word_1_148' title='bbox 644 2353 849 2435; x_wconf 84' lang='lat' dir='ltr'>dissemerat,</span> <span class='ocrx_word' id='word_1_149' title='bbox 879 2354 966 2420; x_wconf 85' lang='lat' dir='ltr'>sonte</span> <span class='ocrx_word' id='word_1_150' title='bbox 993 2355 1170 2422; x_wconf 72' lang='lat' dir='ltr'>accuratius</span> <span class='ocrx_word' id='word_1_151' title='bbox 1197 2359 1378 2442; x_wconf 79' lang='lat' dir='ltr'>exponeret.</span> <span class='ocrx_word' id='word_1_152' title='bbox 1425 2354 1533 2442; x_wconf 81' lang='lat' dir='ltr'>Atque</span> 
     </span>
     <span class='ocr_line' id='line_1_19' title="bbox 289 2460 1531 2549; baseline 0 -19"><span class='ocrx_word' id='word_1_153' title='bbox 289 2463 371 2530; x_wconf 88' lang='lat' dir='ltr'>hune</span> <span class='ocrx_word' id='word_1_154' title='bbox 397 2466 556 2530; x_wconf 83' lang='lat' dir='ltr'>auctorem</span> <span class='ocrx_word' id='word_1_155' title='bbox 580 2481 630 2528; x_wconf 88' lang='lat' dir='ltr'>res</span> <span class='ocrx_word' id='word_1_156' title='bbox 654 2460 778 2549; x_wconf 87' lang='lat' dir='ltr'>publice</span> <span class='ocrx_word' id='word_1_157' title='bbox 802 2461 1049 2529; x_wconf 89' lang='lat' dir='ltr'>aDemosthcne</span> <span class='ocrx_word' id='word_1_158' title='bbox 1070 2466 1179 2546; x_wconf 82' lang='lat' dir='ltr'>gestas</span> <span class='ocrx_word' id='word_1_159' title='bbox 1199 2464 1329 2530; x_wconf 90' lang='lat' dir='ltr'>minime</span> <span class='ocrx_word' id='word_1_160' title='bbox 1344 2462 1531 2547; x_wconf 82' lang='lat' dir='ltr'>neglexisse,</span> 
     </span>
     <span class='ocr_line' id='line_1_20' title="bbox 291 2570 1533 2661; baseline -0.002 -20"><span class='ocrx_word' id='word_1_161' title='bbox 291 2574 512 2661; x_wconf 86' lang='lat' dir='ltr'>cpp.16-18</span> <span class='ocrx_word' id='word_1_162' title='bbox 536 2571 724 2638; x_wconf 90' lang='lat' dir='ltr'>documento</span> <span class='ocrx_word' id='word_1_163' title='bbox 746 2574 820 2637; x_wconf 90' lang='lat' dir='ltr'>suut</span> <span class='ocrx_word' id='word_1_164' title='bbox 843 2591 925 2659; x_wconf 89' lang='lat' dir='ltr'>qnae</span> <span class='ocrx_word' id='word_1_165' title='bbox 947 2570 1031 2659; x_wconf 89' lang='lat' dir='ltr'>quod</span> <span class='ocrx_word' id='word_1_166' title='bbox 1054 2571 1187 2639; x_wconf 76' lang='lat' dir='ltr'>diversis</span> <span class='ocrx_word' id='word_1_167' title='bbox 1208 2573 1383 2659; x_wconf 82' lang='lat' dir='ltr'>assignavit</span> <span class='ocrx_word' id='word_1_168' title='bbox 1397 2573 1533 2639; x_wconf 87' lang='lat' dir='ltr'>auctori·</span> 
     </span>
     <span class='ocr_line' id='line_1_21' title="bbox 289 2677 1532 2768; baseline -0.003 -19"><span class='ocrx_word' id='word_1_169' title='bbox 289 2682 346 2749; x_wconf 93' lang='lat' dir='ltr'>bus</span> <span class='ocrx_word' id='word_1_170' title='bbox 362 2681 512 2765; x_wconf 82' lang='lat' dir='ltr'>lloesiger</span> <span class='ocrx_word' id='word_1_171' title='bbox 537 2683 582 2767; x_wconf 89' lang='lat' dir='ltr'>(p.</span> <span class='ocrx_word' id='word_1_172' title='bbox 601 2681 660 2765; x_wconf 83' lang='lat'>41)</span> <span class='ocrx_word' id='word_1_173' title='bbox 684 2698 746 2745; x_wconf 93' lang='lat' dir='ltr'>non</span> <span class='ocrx_word' id='word_1_174' title='bbox 765 2677 881 2746; x_wconf 82' lang='lat' dir='ltr'>leviter</span> <span class='ocrx_word' id='word_1_175' title='bbox 896 2680 1023 2745; x_wconf 80' lang='lat' dir='ltr'>erravit.</span> <span class='ocrx_word' id='word_1_176' title='bbox 1064 2678 1223 2764; x_wconf 89' lang='lat' dir='ltr'>Gebhard,</span> <span class='ocrx_word' id='word_1_177' title='bbox 1247 2682 1303 2768; x_wconf 92' lang='lat' dir='ltr'>qui</span> <span class='ocrx_word' id='word_1_178' title='bbox 1318 2683 1365 2768; x_wconf 92' lang='lat' dir='ltr'>(p.</span> <span class='ocrx_word' id='word_1_179' title='bbox 1383 2682 1532 2766; x_wconf 80' lang='lat'><strong>36-43)</strong></span> 
     </span>
     <span class='ocr_line' id='line_1_22' title="bbox 289 2786 1533 2876; baseline -0.002 -19"><span class='ocrx_word' id='word_1_180' title='bbox 289 2792 500 2857; x_wconf 88' lang='lat' dir='ltr'>minutissima</span> <span class='ocrx_word' id='word_1_181' title='bbox 516 2809 591 2855; x_wconf 89' lang='lat' dir='ltr'>cura</span> <span class='ocrx_word' id='word_1_182' title='bbox 606 2786 731 2871; x_wconf 82' lang='lat' dir='ltr'>singula</span> <span class='ocrx_word' id='word_1_183' title='bbox 750 2808 893 2874; x_wconf 88' lang='lat' dir='ltr'>quaeque</span> <span class='ocrx_word' id='word_1_184' title='bbox 916 2786 958 2853; x_wconf 86' lang='lat' dir='ltr'>ad</span> <span class='ocrx_word' id='word_1_185' title='bbox 973 2786 1196 2855; x_wconf 87' lang='lat' dir='ltr'>Demosthenis</span> <span class='ocrx_word' id='word_1_186' title='bbox 1211 2789 1439 2876; x_wconf 85' lang='lat' dir='ltr'>Aeschinisque</span> <span class='ocrx_word' id='word_1_187' title='bbox 1462 2808 1533 2855; x_wconf 90' lang='lat' dir='ltr'>cra-</span> 
     </span>
     <span class='ocr_line' id='line_1_23' title="bbox 288 2896 1532 2985; baseline -0.005 -18"><span class='ocrx_word' id='word_1_188' title='bbox 288 2902 390 2967; x_wconf 86' lang='lat' dir='ltr'>tiones</span> <span class='ocrx_word' id='word_1_189' title='bbox 414 2899 618 2978; x_wconf 85' lang='lat' dir='ltr'>examinavit,</span> <span class='ocrx_word' id='word_1_190' title='bbox 643 2917 669 2965; x_wconf 94' lang='lat' dir='ltr'>c.</span> <span class='ocrx_word' id='word_1_191' title='bbox 689 2898 730 2961; x_wconf 90' lang='grc'>12</span> <span class='ocrx_word' id='word_1_192' title='bbox 755 2896 860 2963; x_wconf 89' lang='lat' dir='ltr'>verbis</span> <span class='ocrx_word' id='word_1_193' title='bbox 882 2896 1010 2963; x_wconf 87' lang='lat' dir='ltr'>collatis</span> <span class='ocrx_word' id='word_1_194' title='bbox 1030 2901 1151 2964; x_wconf 88' lang='lat' dir='ltr'>certum</span> <span class='ocrx_word' id='word_1_195' title='bbox 1173 2898 1330 2985; x_wconf 88' lang='lat' dir='ltr'>quendam</span> <span class='ocrx_word' id='word_1_196' title='bbox 1346 2899 1532 2984; x_wconf 88' lang='lat' dir='ltr'>scriptorem</span> 
     </span>
     <span class='ocr_line' id='line_1_24' title="bbox 290 3003 1532 3087; baseline -0.003 -12"><span class='ocrx_word' id='word_1_197' title='bbox 290 3006 495 3075; x_wconf 89' lang='lat' dir='ltr'>aPlut&#39;archo</span> <span class='ocrx_word' id='word_1_198' title='bbox 517 3008 550 3072; x_wconf 91' lang='lat' dir='ltr'>in</span> <span class='ocrx_word' id='word_1_199' title='bbox 570 3026 597 3072; x_wconf 91' lang='lat' dir='ltr'>c.</span> <span class='ocrx_word' id='word_1_200' title='bbox 617 3009 656 3070; x_wconf 92' lang='grc'>17</span> <span class='ocrx_word' id='word_1_201' title='bbox 683 3004 905 3071; x_wconf 88' lang='lat' dir='ltr'>conscribendo</span> <span class='ocrx_word' id='word_1_202' title='bbox 928 3004 1107 3072; x_wconf 89' lang='lat' dir='ltr'>adhibitum</span> <span class='ocrx_word' id='word_1_203' title='bbox 1130 3026 1200 3073; x_wconf 88' lang='lat' dir='ltr'>csse</span> <span class='ocrx_word' id='word_1_204' title='bbox 1222 3011 1306 3073; x_wconf 86' lang='lat' dir='ltr'>recte</span> <span class='ocrx_word' id='word_1_205' title='bbox 1328 3007 1452 3087; x_wconf 88' lang='lat' dir='ltr'>statuit,</span> <span class='ocrx_word' id='word_1_206' title='bbox 1476 3003 1532 3071; x_wconf 86' lang='lat' dir='ltr'>sed</span> 
     </span>
     <span class='ocr_line' id='line_1_25' title="bbox 290 3112 1533 3201; baseline -0.004 -18"><span class='ocrx_word' id='word_1_207' title='bbox 290 3116 453 3183; x_wconf 87' lang='lat' dir='ltr'>consensui</span> <span class='ocrx_word' id='word_1_208' title='bbox 479 3113 645 3181; x_wconf 83' lang='lat' dir='ltr'>Plutarchi</span> <span class='ocrx_word' id='word_1_209' title='bbox 673 3132 743 3181; x_wconf 91' lang='lat' dir='ltr'>cum</span> <span class='ocrx_word' id='word_1_210' title='bbox 772 3114 949 3179; x_wconf 86' lang='lat' dir='ltr'>orationum</span> <span class='ocrx_word' id='word_1_211' title='bbox 977 3114 1096 3197; x_wconf 87' lang='lat' dir='ltr'>verbis,</span> <span class='ocrx_word' id='word_1_212' title='bbox 1126 3115 1282 3201; x_wconf 86' lang='lat' dir='ltr'>imprimis</span> <span class='ocrx_word' id='word_1_213' title='bbox 1308 3112 1533 3181; x_wconf 85' lang='lat' dir='ltr'>Demosthenis</span> 
     </span>
     <span class='ocr_line' id='line_1_26' title="bbox 290 3221 1531 3312; baseline -0.002 -23"><span class='ocrx_word' id='word_1_214' title='bbox 290 3222 424 3312; x_wconf 87' lang='lat' dir='ltr'>(XVIII,</span> <span class='ocrx_word' id='word_1_215' title='bbox 449 3227 467 3289; x_wconf 99' lang='grc'>7</span> <span class='ocrx_word' id='word_1_216' title='bbox 472 3227 593 3305; x_wconf 85' lang='grc'>9-87,</span> <span class='ocrx_word' id='word_1_217' title='bbox 611 3225 754 3303; x_wconf 71' lang='lat' dir='ltr'>tet-94,</span> <span class='ocrx_word' id='word_1_218' title='bbox 773 3223 849 3303; x_wconf 87' lang='grc'>244,</span> <span class='ocrx_word' id='word_1_219' title='bbox 868 3224 949 3308; x_wconf 90' lang='grc'>237)</span> <span class='ocrx_word' id='word_1_220' title='bbox 964 3223 1096 3289; x_wconf 90' lang='lat' dir='ltr'>nimium</span> <span class='ocrx_word' id='word_1_221' title='bbox 1111 3223 1234 3289; x_wconf 88' lang='lat' dir='ltr'>tribuit.</span> <span class='ocrx_word' id='word_1_222' title='bbox 1274 3221 1455 3290; x_wconf 85' lang='lat' dir='ltr'>Tenendum</span> <span class='ocrx_word' id='word_1_223' title='bbox 1470 3225 1531 3303; x_wconf 85' lang='lat' dir='ltr'>est,</span> 
     </span>
     <span class='ocr_line' id='line_1_27' title="bbox 289 3328 1533 3419; baseline -0.003 -20"><span class='ocrx_word' id='word_1_224' title='bbox 289 3333 390 3399; x_wconf 87' lang='lat' dir='ltr'>tribus</span> <span class='ocrx_word' id='word_1_225' title='bbox 426 3353 495 3419; x_wconf 87' lang='lat' dir='ltr'>epp.</span> <span class='ocrx_word' id='word_1_226' title='bbox 527 3333 667 3397; x_wconf 87' lang='grc'><strong>16-18</strong></span> <span class='ocrx_word' id='word_1_227' title='bbox 702 3331 888 3416; x_wconf 88' lang='lat' dir='ltr'>praecipuas</span> <span class='ocrx_word' id='word_1_228' title='bbox 922 3340 973 3396; x_wconf 83' lang='lat' dir='ltr'>ies</span> <span class='ocrx_word' id='word_1_229' title='bbox 1005 3334 1081 3397; x_wconf 88' lang='lat' dir='ltr'>ante</span> <span class='ocrx_word' id='word_1_230' title='bbox 1111 3328 1362 3398; x_wconf 83' lang='lat' dir='ltr'>Chaeronensem</span> <span class='ocrx_word' id='word_1_231' title='bbox 1393 3350 1533 3417; x_wconf 82' lang='lat' dir='ltr'>pugnam</span> 
     </span>
     <span class='ocr_line' id='line_1_28' title="bbox 291 3437 1534 3528; baseline -0.003 -20"><span class='ocrx_word' id='word_1_232' title='bbox 291 3446 397 3526; x_wconf 85' lang='lat' dir='ltr'>gestas</span> <span class='ocrx_word' id='word_1_233' title='bbox 421 3438 642 3528; x_wconf 88' lang='lat' dir='ltr'>comprehendi</span> <span class='ocrx_word' id='word_1_234' title='bbox 666 3443 710 3521; x_wconf 89' lang='lat' dir='ltr'>ut,</span> <span class='ocrx_word' id='word_1_235' title='bbox 735 3460 830 3525; x_wconf 90' lang='lat' dir='ltr'>quam</span> <span class='ocrx_word' id='word_1_236' title='bbox 854 3438 951 3515; x_wconf 71' lang='grc' dir='ltr'><strong><em>ἀξίως</em></strong></span> <span class='ocrx_word' id='word_1_237' title='bbox 967 3437 1158 3505; x_wconf 87' lang='lat' dir='ltr'>Graecomm</span> <span class='ocrx_word' id='word_1_238' title='bbox 1180 3439 1318 3506; x_wconf 87' lang='lat' dir='ltr'>salutem</span> <span class='ocrx_word' id='word_1_239' title='bbox 1341 3462 1362 3505; x_wconf 92' lang='lat' dir='ltr'>a</span> <span class='ocrx_word' id='word_1_240' title='bbox 1383 3437 1534 3525; x_wconf 89' lang='lat' dir='ltr'>Philippo</span> 
     </span>
     <span class='ocr_line' id='line_1_29' title="bbox 290 3546 1532 3635; baseline -0.002 -19"><span class='ocrx_word' id='word_1_241' title='bbox 290 3571 364 3634; x_wconf 86' lang='lat' dir='ltr'>rege</span> <span class='ocrx_word' id='word_1_242' title='bbox 388 3548 563 3615; x_wconf 84' lang='lat' dir='ltr'>defenderit</span> <span class='ocrx_word' id='word_1_243' title='bbox 579 3546 819 3629; x_wconf 91' lang='lat' dir='ltr'>Demosthenes,</span> <span class='ocrx_word' id='word_1_244' title='bbox 844 3568 940 3633; x_wconf 88' lang='lat' dir='ltr'>quam</span> <span class='ocrx_word' id='word_1_245' title='bbox 963 3546 1149 3614; x_wconf 86' lang='lat' dir='ltr'>clarissimis</span> <span class='ocrx_word' id='word_1_246' title='bbox 1172 3546 1328 3635; x_wconf 83' lang='lat' dir='ltr'>exemplis</span> <span class='ocrx_word' id='word_1_247' title='bbox 1343 3546 1532 3629; x_wconf 79' lang='lat' dir='ltr'>illustretur,</span> 
     </span>
     <span class='ocr_line' id='line_1_30' title="bbox 291 3655 1535 3744; baseline -0.004 -20"><span class='ocrx_word' id='word_1_248' title='bbox 291 3679 371 3744; x_wconf 89' lang='lat' dir='ltr'>quae</span> <span class='ocrx_word' id='word_1_249' title='bbox 394 3658 422 3724; x_wconf 89' lang='lat' dir='ltr'>si</span> <span class='ocrx_word' id='word_1_250' title='bbox 446 3679 465 3722; x_wconf 88' lang='lat' dir='ltr'>a</span> <span class='ocrx_word' id='word_1_251' title='bbox 486 3655 698 3723; x_wconf 87' lang='lat' dir='ltr'>Demosthene</span> <span class='ocrx_word' id='word_1_252' title='bbox 721 3656 790 3742; x_wconf 91' lang='lat' dir='ltr'>ipso</span> <span class='ocrx_word' id='word_1_253' title='bbox 812 3676 937 3743; x_wconf 89' lang='lat' dir='ltr'>quoque</span> <span class='ocrx_word' id='word_1_254' title='bbox 960 3676 997 3722; x_wconf 90' lang='lat' dir='ltr'>ae</span> <span class='ocrx_word' id='word_1_255' title='bbox 1019 3655 1192 3723; x_wconf 90' lang='lat' dir='ltr'>simillimis</span> <span class='ocrx_word' id='word_1_256' title='bbox 1215 3657 1321 3723; x_wconf 79' lang='lat' dir='ltr'>verbis</span> <span class='ocrx_word' id='word_1_257' title='bbox 1343 3675 1535 3723; x_wconf 86' lang='lat' dir='ltr'>commemo·</span> 
     </span>
     <span class='ocr_line' id='line_1_31' title="bbox 290 3762 1534 3832; baseline 0 -1"><span class='ocrx_word' id='word_1_258' title='bbox 290 3770 380 3831; x_wconf 88' lang='lat' dir='ltr'>ratae</span> <span class='ocrx_word' id='word_1_259' title='bbox 408 3766 609 3831; x_wconf 90' lang='lat' dir='ltr'>inveniuntur</span> <span class='ocrx_word' id='word_1_260' title='bbox 636 3763 810 3831; x_wconf 88' lang='lat' dir='ltr'>cavendum</span> <span class='ocrx_word' id='word_1_261' title='bbox 838 3768 955 3831; x_wconf 89' lang='lat' dir='ltr'>estne</span> <span class='ocrx_word' id='word_1_262' title='bbox 983 3766 1090 3831; x_wconf 88' lang='lat' dir='ltr'>omnia</span> <span class='ocrx_word' id='word_1_263' title='bbox 1112 3762 1277 3831; x_wconf 90' lang='lat' dir='ltr'>Plutarchi</span> <span class='ocrx_word' id='word_1_264' title='bbox 1304 3765 1401 3832; x_wconf 89' lang='lat' dir='ltr'>verba</span> <span class='ocrx_word' id='word_1_265' title='bbox 1427 3786 1445 3831; x_wconf 95' lang='lat' dir='ltr'>e</span> <span class='ocrx_word' id='word_1_266' title='bbox 1468 3763 1534 3831; x_wconf 91' lang='lat' dir='ltr'>De-</span> 
     </span>
     <span class='ocr_line' id='line_1_32' title="bbox 291 3870 1533 3961; baseline -0.001 -22"><span class='ocrx_word' id='word_1_267' title='bbox 291 3873 454 3940; x_wconf 89' lang='lat' dir='ltr'>mosthene</span> <span class='ocrx_word' id='word_1_268' title='bbox 481 3893 567 3937; x_wconf 92' lang='lat' dir='ltr'>mere</span> <span class='ocrx_word' id='word_1_269' title='bbox 596 3874 771 3958; x_wconf 88' lang='lat' dir='ltr'>composita</span> <span class='ocrx_word' id='word_1_270' title='bbox 798 3873 1027 3939; x_wconf 83' lang='lat' dir='ltr'>existimentur.</span> <span class='ocrx_word' id='word_1_271' title='bbox 1074 3872 1155 3939; x_wconf 86' lang='lat' dir='ltr'>llum</span> <span class='ocrx_word' id='word_1_272' title='bbox 1181 3875 1382 3961; x_wconf 88' lang='lat' dir='ltr'>scriptorem,</span> <span class='ocrx_word' id='word_1_273' title='bbox 1411 3873 1465 3961; x_wconf 87' lang='lat' dir='ltr'>qui</span> <span class='ocrx_word' id='word_1_274' title='bbox 1491 3870 1533 3938; x_wconf 89' lang='lat' dir='ltr'>de</span> 
     </span>
    </p>
   </div>
   <div class='ocr_carea' id='block_1_3' title="bbox 158 3980 1534 4074">
    <p class='ocr_par' dir='ltr' id='par_1_4' title="bbox 158 3980 1534 4074">
     <span class='ocr_line' id='line_1_33' title="bbox 158 3980 1534 4074; baseline -0.001 -27"><span class='ocrx_word' id='word_1_275' title='bbox 158 4037 170 4074; x_wconf 59' lang='lat'>4</span> <span class='ocrx_word' id='word_1_276' title='bbox 292 3982 431 4047; x_wconf 89' lang='lat' dir='ltr'>oratoria</span> <span class='ocrx_word' id='word_1_277' title='bbox 454 3980 627 4047; x_wconf 87' lang='lat' dir='ltr'>eruditione</span> <span class='ocrx_word' id='word_1_278' title='bbox 649 3983 715 4045; x_wconf 90' lang='lat' dir='ltr'>tam</span> <span class='ocrx_word' id='word_1_279' title='bbox 732 3980 860 4047; x_wconf 89' lang='lat' dir='ltr'>uberem</span> <span class='ocrx_word' id='word_1_280' title='bbox 876 3981 1044 4068; x_wconf 82' lang='lat' dir='ltr'>materiam</span> <span class='ocrx_word' id='word_1_281' title='bbox 1059 3982 1301 4068; x_wconf 81' lang='lat' dir='ltr'>conquisiverat,</span> <span class='ocrx_word' id='word_1_282' title='bbox 1326 3981 1534 4049; x_wconf 90' lang='lat' dir='ltr'>Demostheni</span> 
     </span>
    </p>
   </div>
   <div class='ocr_carea' id='block_1_4' title="bbox 248 4088 1544 4721">
    <p class='ocr_par' dir='ltr' id='par_1_5' title="bbox 248 4088 1544 4721">
     <span class='ocr_line' id='line_1_34' title="bbox 291 4088 1535 4175; baseline 0 -20"><span class='ocrx_word' id='word_1_283' title='bbox 291 4090 399 4175; x_wconf 88' lang='lat' dir='ltr'>utique</span> <span class='ocrx_word' id='word_1_284' title='bbox 424 4090 584 4155; x_wconf 88' lang='lat' dir='ltr'>faventem</span> <span class='ocrx_word' id='word_1_285' title='bbox 607 4090 640 4154; x_wconf 91' lang='lat' dir='ltr'>in</span> <span class='ocrx_word' id='word_1_286' title='bbox 662 4088 925 4175; x_wconf 84' lang='lat' dir='ltr'>praeclarissimis</span> <span class='ocrx_word' id='word_1_287' title='bbox 948 4089 1016 4155; x_wconf 88' lang='lat' dir='ltr'>eius</span> <span class='ocrx_word' id='word_1_288' title='bbox 1038 4090 1132 4157; x_wconf 92' lang='lat' dir='ltr'>rebus</span> <span class='ocrx_word' id='word_1_289' title='bbox 1155 4090 1339 4158; x_wconf 91' lang='lat' dir='ltr'>enarrandis</span> <span class='ocrx_word' id='word_1_290' title='bbox 1367 4089 1409 4156; x_wconf 92' lang='lat' dir='ltr'>ad</span> <span class='ocrx_word' id='word_1_291' title='bbox 1436 4088 1535 4156; x_wconf 88' lang='lat' dir='ltr'>verba</span> 
     </span>
     <span class='ocr_line' id='line_1_35' title="bbox 291 4197 1534 4284; baseline 0 -21"><span class='ocrx_word' id='word_1_292' title='bbox 291 4199 358 4263; x_wconf 92' lang='lat' dir='ltr'>eius</span> <span class='ocrx_word' id='word_1_293' title='bbox 385 4198 483 4284; x_wconf 89' lang='lat' dir='ltr'>ipsius</span> <span class='ocrx_word' id='word_1_294' title='bbox 512 4198 678 4264; x_wconf 86' lang='lat' dir='ltr'>recurrisse</span> <span class='ocrx_word' id='word_1_295' title='bbox 706 4201 951 4263; x_wconf 85' lang='lat' dir='ltr'>consentaneum</span> <span class='ocrx_word' id='word_1_296' title='bbox 978 4201 1043 4281; x_wconf 89' lang='lat' dir='ltr'>est;</span> <span class='ocrx_word' id='word_1_297' title='bbox 1079 4219 1120 4264; x_wconf 91' lang='lat' dir='ltr'>an</span> <span class='ocrx_word' id='word_1_298' title='bbox 1154 4198 1241 4267; x_wconf 90' lang='lat' dir='ltr'>solus</span> <span class='ocrx_word' id='word_1_299' title='bbox 1267 4197 1457 4267; x_wconf 89' lang='lat' dir='ltr'>Plutarchus</span> <span class='ocrx_word' id='word_1_300' title='bbox 1491 4197 1534 4263; x_wconf 88' lang='lat' dir='ltr'>ad</span> 
     </span>
     <span class='ocr_line' id='line_1_36' title="bbox 292 4302 1536 4393; baseline -0.002 -21"><span class='ocrx_word' id='word_1_301' title='bbox 292 4304 528 4373; x_wconf 90' lang='lat' dir='ltr'>describendam</span> <span class='ocrx_word' id='word_1_302' title='bbox 551 4306 736 4372; x_wconf 87' lang='lat' dir='ltr'>societatem</span> <span class='ocrx_word' id='word_1_303' title='bbox 760 4302 949 4373; x_wconf 86' lang='lat' dir='ltr'>Graecorum</span> <span class='ocrx_word' id='word_1_304' title='bbox 974 4309 1100 4393; x_wconf 87' lang='lat' dir='ltr'>praeter</span> <span class='ocrx_word' id='word_1_305' title='bbox 1122 4305 1287 4375; x_wconf 84' lang='lat' dir='ltr'>Thebanos</span> <span class='ocrx_word' id='word_1_306' title='bbox 1310 4308 1450 4374; x_wconf 91' lang='lat' dir='ltr'>omnium</span> <span class='ocrx_word' id='word_1_307' title='bbox 1469 4304 1536 4371; x_wconf 93' lang='lat' dir='ltr'>De-</span> 
     </span>
     <span class='ocr_line' id='line_1_37' title="bbox 292 4412 1544 4505; baseline 0.001 -27"><span class='ocrx_word' id='word_1_308' title='bbox 292 4413 465 4479; x_wconf 89' lang='lat' dir='ltr'>mosthenis</span> <span class='ocrx_word' id='word_1_309' title='bbox 488 4434 584 4501; x_wconf 91' lang='lat' dir='ltr'>opera</span> <span class='ocrx_word' id='word_1_310' title='bbox 607 4436 635 4480; x_wconf 91' lang='lat' dir='ltr'>a.</span> <span class='ocrx_word' id='word_1_311' title='bbox 655 4416 720 4480; x_wconf 81' lang='lat'>340</span> <span class='ocrx_word' id='word_1_312' title='bbox 743 4413 871 4480; x_wconf 90' lang='lat' dir='ltr'>ineunte</span> <span class='ocrx_word' id='word_1_313' title='bbox 893 4412 1023 4480; x_wconf 89' lang='lat' dir='ltr'>tandem</span> <span class='ocrx_word' id='word_1_314' title='bbox 1047 4415 1221 4501; x_wconf 86' lang='lat' dir='ltr'>perlectam</span> <span class='ocrx_word' id='word_1_315' title='bbox 1244 4436 1315 4481; x_wconf 91' lang='lat' dir='ltr'>eum</span> <span class='ocrx_word' id='word_1_316' title='bbox 1332 4414 1446 4497; x_wconf 91' lang='lat' dir='ltr'>locum,</span> <span class='ocrx_word' id='word_1_317' title='bbox 1470 4434 1544 4505; x_wconf 88' lang='lat' dir='ltr'>quo</span> 
     </span>
     <span class='ocr_line' id='line_1_38' title="bbox 293 4520 1534 4610; baseline 0 -23"><span class='ocrx_word' id='word_1_318' title='bbox 293 4526 399 4589; x_wconf 89' lang='lat' dir='ltr'>orator</span> <span class='ocrx_word' id='word_1_319' title='bbox 421 4524 488 4609; x_wconf 92' lang='lat' dir='ltr'>ipse</span> <span class='ocrx_word' id='word_1_320' title='bbox 512 4522 649 4591; x_wconf 84' lang='lat' dir='ltr'>Graecas</span> <span class='ocrx_word' id='word_1_321' title='bbox 678 4520 824 4589; x_wconf 86' lang='lat' dir='ltr'>civitates</span> <span class='ocrx_word' id='word_1_322' title='bbox 854 4526 928 4589; x_wconf 90' lang='lat' dir='ltr'>ante</span> <span class='ocrx_word' id='word_1_323' title='bbox 951 4521 1205 4590; x_wconf 79' lang='lat' dir='ltr'>Chaeronensem</span> <span class='ocrx_word' id='word_1_324' title='bbox 1232 4544 1371 4610; x_wconf 84' lang='lat' dir='ltr'>pugnam</span> <span class='ocrx_word' id='word_1_325' title='bbox 1398 4521 1534 4589; x_wconf 84' lang='lat' dir='ltr'>foederis</span> 
     </span>
     <span class='ocr_line' id='line_1_39' title="bbox 248 4629 1533 4721; baseline 0.002 -24"><span class='ocrx_word' id='word_1_326' title='bbox 248 4692 249 4697; x_wconf 75' lang='grc'>,</span> <span class='ocrx_word' id='word_1_327' title='bbox 292 4629 379 4699; x_wconf 89' lang='lat' dir='ltr'>illius</span> <span class='ocrx_word' id='word_1_328' title='bbox 402 4634 573 4721; x_wconf 87' lang='lat' dir='ltr'>participes</span> <span class='ocrx_word' id='word_1_329' title='bbox 594 4631 648 4720; x_wconf 93' lang='lat' dir='ltr'>(de</span> <span class='ocrx_word' id='word_1_330' title='bbox 668 4652 730 4699; x_wconf 90' lang='lat' dir='ltr'>cor.</span> <span class='ocrx_word' id='word_1_331' title='bbox 750 4632 829 4717; x_wconf 85' lang='grc'>237)</span> <span class='ocrx_word' id='word_1_332' title='bbox 847 4633 1053 4716; x_wconf 84' lang='lat' dir='ltr'>enumeravit,</span> <span class='ocrx_word' id='word_1_333' title='bbox 1078 4631 1259 4699; x_wconf 91' lang='lat' dir='ltr'>adhibuisse</span> <span class='ocrx_word' id='word_1_334' title='bbox 1273 4631 1446 4700; x_wconf 87' lang='lat' dir='ltr'>censendos</span> <span class='ocrx_word' id='word_1_335' title='bbox 1461 4631 1533 4699; x_wconf 80' lang='lat' dir='ltr'>est?</span> 
     </span>
    </p>
   </div>
   <div class='ocr_carea' id='block_1_5' title="bbox 0 0 1703 5300">
    <p class='ocr_par' dir='ltr' id='par_1_6' title="bbox 0 0 1703 5300">
     <span class='ocr_line' id='line_1_40' title="bbox 0 0 1703 5300; baseline 0 0"><span class='ocrx_word' id='word_1_336' title='bbox 0 0 1703 5300; x_wconf 95' lang='lat' dir='ltr'> </span> 
     </span>
    </p>
   </div>
  </div>
 </body>
</html>
