3392 5300
138 1448 190 1579 In
218 1516 321 1581 sontes
350 1513 615 1581 Demosthenicae
643 1513 810 1596 historiae,
847 1513 934 1580 cuius
962 1513 1132 1597 cognitioni
1161 1511 1200 1579 Α.
1232 1511 1380 1579 Schaefer

140 1622 345 1688 celeberrimo
368 1622 425 1688 illo
449 1622 530 1690 libro
554 1622 793 1688 fundamentum
817 1622 1030 1688 firmissimum
1054 1623 1182 1714 stravit,
1210 1621 1381 1708 inquirenti

139 1732 219 1796 mihi
232 1730 311 1797 duae
323 1733 522 1818 potissimum
535 1751 615 1818 quac
634 1732 808 1797 accuratius
824 1733 1036 1796 tractarentur
1051 1732 1250 1816 quaestiones
1267 1729 1379 1812 dignae

139 1840 228 1906 visae
252 1844 339 1922 sunt,
371 1842 456 1927 prior
479 1840 517 1906 de
541 1840 680 1906 lontibus
704 1862 723 1905 a
746 1837 885 1905 Diodoro
908 1841 941 1904 in
963 1837 1124 1904 Phocaico*
1142 1838 1226 1903 bello
1255 1837 1277 1902 l.
1302 1834 1379 1902 XVI

141 1947 364 2015 conscribendo
388 1947 548 2030 adhibitis,
574 1947 677 2013 altera
700 1946 738 2013 de
756 1948 830 2013 vitis
847 1945 1070 2013 Demosthenis
1086 1967 1256 2033 earumque
1274 1950 1381 2011 aucto-

139 2056 237 2138 ribus,
263 2078 340 2143 quas
364 2077 554 2143 quamquam
579 2057 639 2122 viri
662 2055 746 2121 docti
768 2075 832 2119 non
855 2057 921 2120 sine
945 2054 1099 2121 industria
1122 2059 1216 2141 atque
1238 2056 1380 2120 acumine

141 2166 208 2230 iam
229 2166 442 2246 instituemmt,
467 2168 576 2229 tamen
591 2163 775 2250 plerumque
792 2186 812 2229 a
827 2183 901 2230 vero
918 2163 1113 2230 aberravisse
1129 2163 1209 2229 mihi
1224 2162 1378 2229 videntur.

142 2271 353 2349 Quamobrem
382 2274 549 2357 scriptores
577 2271 651 2337 illos
680 2271 779 2337 denuo
807 2294 902 2359 quam
926 2273 1158 2338 accuratissime
1181 2272 1379 2357 perscrutari,

142 2382 318 2445 sententias
346 2378 447 2445 adhuc
476 2378 619 2464 prolatas
647 2400 742 2465 quam
771 2381 951 2445 cautissime
980 2359 1154 2465 expendere
1186 2398 1268 2444 nunc
1302 2378 1381 2443 mihi

142 2488 339 2573 propositum
363 2490 413 2552 θεῖ
436 2490 530 2571 atque
554 2488 634 2552 satis
647 2486 790 2570 habebo,
817 2492 854 2553 ut
877 2489 1076 2575 quaestiones
1099 2486 1175 2552 illae
1199 2508 1220 2551 a
1243 2486 1381 2552 doctiore

142 2594 184 2661 ad
208 2596 304 2661 finem
318 2594 546 2681 perducantur,
571 2614 627 2682 pro
651 2596 729 2661 meis
754 2596 873 2662 viribus
896 2595 1075 2663 contulisse.

233 2703 281 2770 De
309 2703 439 2791 reliquis
469 2703 607 2769 eiusdem
637 2707 753 2770 aetatis
781 2704 921 2772 fontibus
950 2704 1008 2771 deo
1035 2707 1192 2770 annuente
1222 2702 1284 2768 alio
1312 2702 1381 2768 loco

144 2832 237 2895 agere
261 2813 293 2876 in
317 2813 421 2877 animo
444 2811 523 2876 mihi
547 2816 605 2878 θεῖ.

143 3070 177 3152 Ι.
212 3069 279 3150 Ι)θ
301 3069 413 3151 bello
431 3070 639 3152 Phocaico
661 3070 706 3151 in
722 3069 830 3153 XVI
852 3071 958 3152 libro
976 3071 1154 3170 Diodori
1177 3013 1392 3151 enarrabo.v
1441 3091 1446 3104 ·

235 3241 463 3328 Volquardsen,
489 3242 604 3328 quide
628 3245 730 3329 quinti
754 3248 787 3309 et
811 3245 917 3330 quarti
940 3242 1078 3309 Graecae
1102 3243 1252 3308 historiae
1268 3252 1383 3307 ‘saecu-

144 3349 248 3416 lorum
264 3349 404 3416 lontibus
419 3349 500 3416 libro
516 3349 573 3415 illo
584 3353 608 3436 ¹)
626 3350 664 3417 de
680 3349 810 3417 Diodori
826 3351 965 3417 fontibus
981 3353 1096 3437 scripto
1113 3352 1232 3436 optimc
1252 3352 1383 3414 meritus

146 3461 206 3540 est,
231 3456 405 3522 Diodorum
428 3459 461 3522 in
482 3457 564 3522 libro
581 3456 657 3523 XVI
681 3459 895 3545 componendo
919 3481 939 3524 a
960 3479 1047 3524 more
1071 3457 1138 3540 illo,
1163 3478 1223 3544 quo
1245 3459 1277 3523 in
1292 3456 1383 3522 libris

145 3562 300 3629 XI--XV
324 3567 357 3629 et
379 3565 412 3629 in
427 3563 542 3630 Siculis
565 3566 658 3632 rebus
681 3565 755 3630 libri
771 3565 847 3630 XVI
871 3565 1068 3632 illustrandis
1091 3567 1225 3631 maiores
1242 3563 1384 3648 singulas

146 3675 253 3758 partes
278 3692 294 3737 θ
318 3672 450 3756 singulis
473 3674 612 3740 fontibus
626 3678 817 3742 constanter
840 3675 904 3740 fere
928 3675 1070 3740 hausisse
1094 3676 1123 3739 ei
1147 3675 1233 3740 visus
1257 3677 1319 3755 est,
1352 3673 1385 3736 in

148 3777 340 3845 Graecorum
368 3780 633 3868 Macedonumque
661 3782 753 3848 rebus
782 3783 965 3849 enarrandis
999 3782 1178 3849 discessisse
1214 3780 1382 3848 contendit.

146 3886 253 3974 Atque
276 3889 355 3954 satis
378 3889 490 3954 habuit
512 3891 559 3956 vir
581 3889 780 3957 doctissimus
796 3912 850 3957 eas
867 3892 899 3955 in
914 3890 1090 3978 complures
1106 3890 1249 3957 divisisse
1266 3893 1383 3975 partes,

147 4016 228 4082 quae
253 3995 293 4061 ad
316 4017 388 4062 suos
412 4018 552 4084 quaeque
570 3998 672 4066 fontes
688 3998 789 4064 redire
806 4000 835 4064 ei
851 3998 1048 4065 videbantur.
1089 3996 1286 4084 Quamquam
1301 3995 1385 4061 haud.

146 4123 260 4188 parum
282 4103 460 4169 mirandum
483 4107 535 4187 sit,
560 4105 643 4191 quod
663 4107 696 4170 in
710 4103 853 4191 Philippi
868 4107 951 4189 regis
968 4109 1074 4171 aetate
1090 4102 1294 4170 describenda
1309 4103 1386 4168 Dio-

147 4209 242 4276 dorus
265 4230 327 4276 non
349 4231 446 4276 unum
470 4215 629 4278 auctorem
645 4216 770 4278 secutus
786 4217 845 4295 est,
872 4233 942 4279 cum
956 4233 1019 4278 non
1036 4212 1189 4293 deessent,
1214 4211 1269 4296 qui
1282 4203 1386 4275 totam

146 4316 239 4382 illam
268 4319 481 4405 copiosissime
510 4324 708 4403 enarrarent,
742 4324 851 4386 tamen
878 4319 1115 4407 Volquardseno
1144 4320 1252 4404 utique
1279 4339 1386 4384 assen-

148 4483 362 4492 ——na-——n--n-

228 4569 247 4638 ¹)
267 4565 511 4644 Untersuohungen
529 4577 597 4630 tiber
615 4575 658 4630 die
678 4577 791 4640 Quollen
812 4575 860 4637 der
878 4575 1062 4645 griechischen
1080 4573 1139 4628 und
1160 4575 1317 4629 silrilischen
1337 4574 1386 4628 Go-

146 4661 291 4718 schichten
312 4663 353 4726 bei
373 4663 482 4731 Diodor,
502 4665 579 4719 Buch
598 4665 745 4720 XI-XVI.
784 4665 845 4719 Kiel
866 4665 944 4720 1868.
1016 4685 1019 4690 ’

1158 4774 1170 4823 l
