3392 5300
645 419 867 484 „15-

28 597 39 652 l·
135 601 215 667 libet
234 601 317 668 ratio
340 621 412 668 eum
434 599 552 668 seelera
574 598 632 666 illo
656 599 760 682 merit,
784 539 1069 664 vehementissimis
1092 595 1243 663 divinitus
1258 594 1378 682 suppli-

28 727 30 738 ’
136 710 192 774 eiis
215 708 375 795 perculsos
398 729 475 776 esse.
502 706 633 786 ,Quodsi
656 705 826 772 Philomeli
843 705 1031 772 Onomarehi
1041 708 1066 792 ¹)
1081 703 1212 790 Phaylli
1226 702 1378 769 Phalaeei

29 833 32 842 ⁴
136 817 238 882 exitus
262 816 303 882 ad
327 816 455 884 deorum
477 815 630 882 ultionem
654 815 931 882 demonstrandam
954 814 1071 898 singuli
1093 814 1239 900 deinceps
1263 812 1379 878 deseri-

28 956 37 1006 ,'
138 924 260 1006 buntur,
285 923 481 992 Philomelus
504 924 588 990 haud
612 923 704 990 dubie
728 924 761 988 in
783 923 956 1009 ἱεροσύλων
978 943 1107 989 numero
1130 921 1303 988 aDiodoro
1326 919 1379 986 vel

137 1035 203 1098 eius
226 1038 352 1098 auctore
377 1034 511 1118 ponitur.
548 1030 676 1098 Minime
700 1051 774 1096 vero
798 1051 870 1097 eum
891 1029 1019 1097 Haakio
1027 1032 1055 1115 ²)
1078 1029 1176 1095 verba
1198 1029 1215 1093 ὁ
1238 1030 1296 1110 μὲν
1318 1029 1378 1113 γὰρ

28 1164 36 1204 ῑ
137 1141 327 1225 ἀρχιτέκτων
351 1139 615 1224 τηςκαταλὴψεως
638 1141 693 1203 aad
715 1137 800 1225 ἱεροῦ
822 1139 871 1203 ita
892 1139 993 1224 premi
1015 1136 1102 1220 licet,
1126 1140 1162 1217 nt
1184 1133 1379 1201 Philomelus

28 1275 35 1312 r
137 1265 175 1310 ex
198 1243 364 1332 ἱεροσύλων
379 1249 530 1312 societate
547 1246 663 1312 diserte
680 1246 775 1312 eximi
791 1248 928 1332 putetur,
952 1245 1009 1311 sed
1025 1245 1096 1319 τοὺς
1111 1248 1380 1330 προςαψαμένους

34 1386 37 1419 1
138 1355 193 1439 τῆς
213 1353 387 1440 ἱεροσυλίας
406 1353 672 1422 Lacedaemonios
687 1351 908 1434 Athenionem,
933 1350 1140 1418 Phocensium
1164 1351 1276 1417 dueum
1299 1371 1380 1415 mer-

32 1497 35 1528 l
137 1462 276 1528 uenarios
304 1461 533 1546 intellegendos
556 1483 624 1528 esse
648 1462 788 1548 quisquis
811 1481 837 1526 o.
861 1462 995 1526 61-64
1022 1461 1088 1526 sine
1117 1459 1261 1545 opinione
1289 1479 1380 1545 prae-

28 1579 30 1640 i
137 1573 265 1656 sumpta
287 1569 472 1656 perlegerit,
508 1568 660 1636 facillime
694 1568 869 1652 intelleget.
921 1567 1027 1654 Atque
1054 1567 1133 1633 haee
1159 1568 1379 1653 interpretatio

28 1743 31 1750 Δ
137 1679 240 1764 eapite
257 1680 300 1744 30
317 1680 434 1764 optime
451 1678 662 1761 confirmatur,
687 1679 773 1746 ouius
789 1677 893 1744 verbis
908 1674 1120 1742 Philomelam
1135 1674 1291 1761 templum
1306 1693 1379 1760 spo-

28 1847 34 1858 ,
137 1785 236 1852 liasse
260 1784 494 1852 evidentissime
517 1785 679 1868 evincitur,
703 1806 803 1872 neque
826 1785 930 1851 minus
953 1805 1034 1871 quae
1051 1781 1090 1849 de
1105 1782 1234 1869 reliquis
1251 1782 1380 1848 ducibus

28 1927 33 1970 ς·
139 1895 174 1959 in
198 1895 346 1960 continua
369 1893 447 1960 belli
470 1895 649 1961 narratione
673 1895 737 1962 suis
752 1893 830 1960 loeis
847 1892 973 1980 prolata
987 1895 1071 1973 sunt,
1095 1911 1167 1957 curn
1182 1911 1208 1956 e.
1227 1893 1265 1954 61
1285 1889 1379 1977 plane

30 2055 34 2078 2
138 2003 347 2068 consentiunt.
388 1999 449 2066 Vix
472 2003 556 2068 enirn
580 2002 775 2085 crediderim,
800 2000 913 2067 Paekii
935 1999 1173 2066 ratiocinatione
1196 1997 1380 2085 perductum

28 2151 34 2188 3
138 2130 328 2196 quemquam
340 2111 373 2175 in
386 2112 404 2195 ξ
418 2112 437 2175 2
451 2109 620 2176 offundere:
634 2109 865 2196 (Ὀνόμαρχος)
875 2109 956 2191 μετὰ
970 2111 1030 2171 τῶν
1041 2109 1382 2192 συμπαραταξαμένων

29 2257 34 2298 5
136 2218 171 2282 ἐν
190 2219 348 2298 Θετταλλᾳ
368 2221 504 2282 Φωκέων
525 2219 579 2282 καὶ
601 2217 813 2305 μισθοφόρων
836 2216 1029 2290 κατακοπὲις
1043 2215 1241 2300 ἐσταυρώθη.
1277 2211 1382 2278 Verba

28 2369 33 2408 2
137 2327 222 2392 enim
245 2343 271 2390 u.
291 2326 344 2407 35,
362 2331 379 2388 6
404 2327 489 2400 τέλος
512 2327 547 2390 dd
571 2329 632 2390 τῶν
651 2329 786 2390 Φωκέων
808 2325 862 2388 καὶ
876 2323 1089 2410 μισθοφόρων
1103 2323 1309 2413 ἀνῃρέθησαν
1323 2323 1382 2404 μὲν

28 2493 32 2518 ,
136 2431 219 2518 ὑπὲρ
243 2432 314 2505 τοὺς
336 2432 574 2513 ἑξακισχιλίους,
596 2433 631 2496 ἒν
654 2431 699 2506 οἷς
720 2431 761 2518 ἢν
783 2432 836 2496 καὶ
852 2430 950 2506 αὐτὸς
964 2431 983 2494 ὁ
999 2431 1169 2516 στρατηγὸς
1184 2432 1309 2495 omnino
1324 2450 1382 2495 nos

28 2594 34 2620 ,
137 2542 262 2620 vetant,
298 2559 314 2604 e
342 2536 551 2624 Pausania3),
587 2539 672 2604 euius
705 2538 853 2604 relationi
880 2537 944 2604 Xt
970 2536 1060 2604 Paek
1086 2539 1200 2602 mirum
1228 2541 1381 2623 quantum

28 2697 32 2728 ,
138 2648 337 2714 auctoritatis
361 2648 402 2714 ad
417 2646 549 2729 Diodori
564 2648 667 2713 fontes
683 2645 878 2731 indagandos
892 2645 1014 2729 tribuit,
1035 2645 1166 2713 Diodori
1182 2645 1279 2712 verba
1293 2667 1380 2728 sana,

28 2820 29 2823 ,
138 2755 228 2822 nulla
252 2756 469 2823 emendatione
494 2757 620 2839 egentia
641 2760 764 2822 mutare
789 2756 884 2842 (μετὰ
907 2756 939 2820 in
962 2754 1054 2840 ὑπὸ).
1091 2753 1173 2832 Quin
1187 2755 1283 2837 igitur
1298 2753 1382 2818 idem

28 2914 31 2951 3
139 2860 262 2945 auctor,
294 2864 394 2952 dequo
418 2884 444 2930 u.
471 2867 614 2947 28—33,
639 2867 772 2931 35-40
797 2864 982 2950 desumpsit,
1007 2864 1122 2928 iterum
1145 2884 1165 2927 a
1188 2861 1325 2928 Diodoro
1349 2862 1383 2926 in

139 2993 229 3037 usum
264 2976 395 3039 vocatus
423 2972 480 3054 sit,
516 2972 654 3038 dubitari
681 2991 743 3037 uon
771 2975 888 3057 petest.
935 2970 997 3036 Sed
1025 2969 1090 3035 alia
1112 2972 1175 3035 tria
1198 2972 1382 3052 argumenta

28 3132 29 3139 ,
139 3082 260 3161 extant,
285 3100 366 3165 quae
386 3100 449 3145 non
472 3079 573 3145 solum
596 3068 871 3145 illum'aueterem
895 3078 928 3143 in
953 3077 1012 3143 hae
1034 3097 1158 3164 quoque
1180 3082 1272 3166 parte
1295 3098 1383 3142 usur·

139 3192 249 3273 patum
274 3207 352 3268 esse,
381 3186 436 3253 sed
460 3191 620 3255 auctorem
643 3208 663 3252 a
686 3207 711 3252 e.
738 3188 871 3251 56-60
894 3206 1022 3272 prorsus
1044 3184 1181 3251 alienum
1205 3184 1381 3249 adhibitum

140 3315 209 3361 osse
234 3295 315 3361 satis
338 3294 473 3360 dilueide
497 3294 660 3361 ostendere
684 3294 763 3360 mihi
785 3294 940 3361 videntur.
981 3291 1123 3358 Primum
1146 3293 1230 3358 enim
1246 3291 1284 3357 de
1299 3290 1382 3356 Pha

139 3403 221 3470 laeei
244 3405 330 3469 exitu
353 3404 435 3475 inter
458 3424 483 3470 o.
511 3404 552 3469 59
577 3406 610 3469 et
634 3406 673 3469 61
700 3424 816 3487 magna
839 3402 991 3469 dissensio
1016 3406 1074 3467 est.
1114 3400 1263 3484 Legimus
1283 3400 1380 3464 enim:

183 3513 217 3576 in
240 3531 265 3576 o.
293 3509 380 3593 59,'3
832 3511 866 3575 in
888 3530 914 3575 e.
940 3512 1028 3592 61,4

184 3617 275 3693 οὗτος
297 3619 356 3701 μὲν
379 3617 586 3692 ὑπόσπονδος
608 3620 652 3693 εἰς
678 3619 733 3704 την
832 3615 924 3691 οὗτος
938 3618 999 3702 γὰρ
1014 3617 1095 3699 μετὰ
1116 3616 1173 3700 την
1187 3614 1221 3677 ἐκ
1238 3617 1291 3699 τῆς
1305 3617 1381 3694 αἰχ-

138 3726 388 3811 Πελοπόννησον
426 3726 614 3811 ἀπεχώρησε
652 3728 731 3809 μετὰ
765 3726 948 3809 Ἰμαλκυσίας
970 3724 1075 3809 φυγὴν
1089 3722 1169 3805 μετὰ
1186 3726 1247 3784 τῶν
1260 3726 1381 3804 μισθο-

141 3837 202 3896 τῶν
224 3828 436 3918 μισθοφόρων
458 3833 523 3897 κτλ.
788 3829 896 3918 φόρων
931 3831 965 3895 τὸ
999 3830 1059 3913 μὲν
1091 3834 1218 3915 πρῶτον
1248 3829 1382 3913 διέτριβε

786 3940 861 4026 περὶ
884 3940 941 4025 την
962 3937 1211 4021 Πελοπόννησον
1233 3936 1299 3997 κτλ.

229 4044 422 4111 Phalaeeum
446 4046 487 4112 ab
510 4066 571 4113 uno
595 4046 765 4133 eodemque
789 4049 915 4112 auctore
939 4044 1002 4110 alio
1026 4044 1095 4110 loeo
1111 4047 1204 4130 paeto
1221 4062 1290 4107 oum
1306 4040 1382 4106 Phi-

141 4153 229 4241 lippo
246 4154 309 4219 iot-0
325 4153 359 4219 in
370 4152 622 4241 Peloponnesum
637 4156 799 4238 migrasse,
817 4154 881 4220 aliu
897 4174 913 4220 e
929 4153 1116 4239 captivitate
1131 4151 1247 4233 hrgisse
1263 4149 1381 4215 dietum

215 4424 234 4493 ¹)
254 4428 305 4481 Hie
324 4442 434 4497 quoque
453 4426 636 4509 Onomarehus
656 4428 799 4482 Philomeli
818 4428 901 4483 frater
920 4427 988 4482 falso
1008 4428 1171 4494 appellatur.

214 4514 224 4547 ²
276 4561 281 4571 .
303 4519 346 4573 50.

212 4517 236 4675 εξ
255 4536 369 4662 Emeda
389 4610 440 4663 ὑπὸ
458 4616 509 4663 τῶν
529 4614 693 4679 ατρατκοτῶν
711 4610 902 4678 zamareni-fodr)
920 4607 971 4662 τῶν
990 4607 1161 4677 obscurari.
