3392 5300
689 448 911 515 ..31-

174 630 305 696 verbum
332 626 547 712 transtulisse,
577 632 702 717 saepius
725 629 888 697 turbatum
911 630 1051 697 ordinem
1074 632 1239 698 restituere
1262 630 1419 699 studuisse

175 744 209 804 et
243 738 400 824 quaedam
437 740 533 804 etiem
568 760 650 805 nova
684 739 880 820 addidisse“,
920 741 979 806 hac
1013 744 1122 805 nostra
1160 744 1266 806 aetate
1301 742 1419 827 primus

176 847 214 913 A.
240 846 380 913 Schoene
393 849 416 933 ¹)
441 848 474 912 in
497 846 717 913 dissertatione
742 848 780 913 de
804 847 921 934 Lysiae
944 850 1018 915 vitis
1042 853 1190 915 accurata
1212 848 1270 914 illa
1292 847 1419 935 quidem

176 954 231 1021 sed
265 954 363 1021 verba
390 957 485 1022 nimis
513 962 674 1042 premente
703 956 857 1025 discessit.
910 957 1031 1024 Statuit
1059 960 1107 1024 vir
1134 958 1258 1039 doctae,
1294 956 1372 1023 duos
1400 978 1420 1021 a

177 1061 485 1129 Pseudo-Plutarcho
515 1065 617 1132 fontes
646 1064 805 1131 adhibitos
834 1087 916 1147 esse,
945 1086 1076 1152 quorum
1105 1068 1201 1153 priori
1228 1068 1311 1131 vitas
1333 1068 1420 1152 ipsas

177 1174 301 1237 tantum
341 1173 513 1238 continenti
548 1172 654 1238 Photii
689 1178 722 1238 et
757 1173 903 1259 Dionysii
937 1173 1224 1240 Halicamasseusis
1258 1172 1420 1259 exemplar

177 1278 326 1366 (ἱστορία)
356 1279 553 1347 simillimum
581 1283 717 1363 thuscis
737 1280 869 1347 alterius
896 1283 986 1367 quasi
1009 1288 1143 1357 πίνακος
1165 1304 1239 1369 pars
1263 1305 1283 1348 a
1305 1280 1419 1347 Photio

176 1386 228 1453 vel
252 1389 318 1453 eius
342 1393 468 1454 auctore
492 1391 651 1475 exscripta
674 1394 772 1471 csset3
801 1389 957 1455 aPhotio
981 1394 1146 1477 praeterea
1168 1394 1338 1472 auctorem,
1366 1390 1420 1476 qui

177 1496 217 1562 ad
239 1496 416 1563 rhetoricae
440 1499 518 1563 artis
541 1497 666 1581 regulas
691 1501 847 1566 orationes
871 1500 1086 1585 inquisiverat,
1111 1501 1144 1564 in
1167 1520 1257 1565 usum
1273 1503 1419 1565 vocatum

177 1624 254 1670 esse.
296 1603 381 1681 Quae
403 1606 584 1692 disputatio,
609 1626 800 1692 quamquam
817 1608 869 1671 vix
884 1609 990 1673 omnia
1005 1606 1131 1693 probari
1147 1612 1288 1694 possunt,
1311 1612 1420 1673 tamen

177 1712 259 1799 quod
288 1734 358 1777 eam
387 1706 482 1799 quam
512 1716 574 1779 iam
602 1713 658 1779 elii
682 1719 755 1780 ante
779 1720 950 1801 posuerant
984 1718 1174 1782 seutentiam
1202 1714 1309 1781 Photii
1337 1717 1420 1782 vitas

176 1841 238 1885 non
273 1842 358 1887 mere
388 1843 404 1887 e
432 1820 769 1889 Pseudo-Plutareheis
796 1806 1007 1909 transcriptas
1034 1844 1102 1889 esse
1131 1822 1275 1907 diligenti
1303 1822 1419 1909 Lysiae

177 1932 314 1995 vitarum
337 1932 571 2016 comparatione
595 1931 801 2013 confirmavit,
827 1952 897 1997 eum
920 1952 1036 2015 magna
1058 1931 1254 2019 respicienda
1269 1936 1318 1999 est
1333 1952 1417 1998 cura.

175 2036 309 2103 Schoeni
341 2040 514 2104 sententias
538 2040 591 2126 qui
619 2041 818 2125 impugnavit
844 2035 999 2125 Zucker2)
1029 2043 1074 2127 (p.
1101 2041 1182 2126 299)
1211 2040 1251 2105 ad
1279 2044 1419 2105 veterem

175 2143 266 2209 illam
281 2145 512 2213 Westermanni
535 2149 711 2234 opinionem
736 2150 875 2214 revertit.
920 2148 1105 2234 Roesiger³)
1129 2148 1168 2214 de
1190 2147 1419 2214 necessitudine

174 2251 573 2321 Pseudo-Plutarehearum
589 2256 877 2344 Photianammque
901 2260 1038 2324 vitarum
1065 2256 1145 2323 nihil
1168 2259 1245 2324 certi
1262 2258 1420 2342 professus

175 2366 233 2427 est.
275 2360 469 2429 Ballheimer
489 2363 615 2430 demum
631 2385 700 2430 oum
717 2386 764 2446 ea,
789 2386 886 2452 quam
902 2365 1088 2449 gravissima
1104 2386 1155 2431 res
1170 2363 1321 2451 postulat,
1345 2383 1420 2428 cura
1525 2432 1530 2455 .

175 2468 401 2555 diligentiaque
435 2473 651 2557 quaestionem
685 2474 732 2537 ita
767 2471 878 2554 solvit,
914 2476 950 2537 ut
983 2492 1179 2538 communem
1206 2470 1419 2537 Pseudo-Plu-

173 2578 278 2643 tarchi
300 2577 467 2667 Photiique
491 2583 574 2648 vitas
598 2582 749 2665 originem
774 2581 890 2648 hahere
914 2601 969 2667 pro
994 2584 1079 2652 certo
1102 2583 1270 2663 statueret3
1296 2580 1357 2646 etsi
1379 2578 1418 2644 de

173 2683 369 2769 argumentis
397 2691 632 2776 rationibusque
660 2693 726 2757 eius
754 2712 816 2756 non
839 2693 947 2777 paucis
971 2690 1140 2777 disceptari
1163 2694 1282 2776 potest,
1309 2694 1419 2755 tamen

172 2795 253 2860 mihi
287 2816 410 2883 quoque
439 2796 477 2862 de
506 2800 662 2864 communi
692 2801 827 2864 vitarum
857 2798 984 2863 illarum
1013 2800 1132 2881 origine
1160 2802 1294 2864 constat.
1341 2796 1419 2863 Post

172 2902 422 2969 Ballheimerum
444 2906 601 2970 neminem
626 2905 736 2987 habeo,
762 2925 854 2992 quem
878 2907 911 2970 in
934 2906 993 2971 hac
1016 2907 1229 2971 controversia
1243 2905 1418 2970 accuratius

173 3017 335 3078 versatum
370 3012 541 3098 proferam3
579 3017 686 3100 itaque
721 3013 762 3079 ad
797 3014 1013 3099 quaestionem
1054 3015 1101 3078 ita
1128 3018 1164 3077 ut
1198 3033 1268 3078 mee
1303 3012 1416 3078 iudicio

173 3120 368 3186 instituenda
391 3121 515 3186 videtur
537 3121 736 3188 tractandam
760 3142 810 3186 me
834 3127 923 3188 verto
947 3126 1042 3207 atque
1066 3123 1201 3207 primum
1225 3120 1264 3186 de
1285 3119 1417 3186 Photii

175 3229 242 3292 vita
266 3227 347 3314 (cod.
375 3230 465 3315 265),
490 3229 625 3310 silicet,
651 3229 812 3296 disseram.

268 3335 401 3402 Constat
423 3337 502 3404 haec
524 3340 592 3404 vita
616 3338 736 3404 duabus
761 3338 917 3425 partibus
947 3359 1079 3424 querum
1103 3339 1205 3423 priore
1229 3339 1310 3423 (490
1333 3343 1348 3394 b
1373 3341 1413 3402 41

176 3446 286 3518 -492
307 3449 325 3500 b
350 3447 407 3529 20)
444 3449 579 3531 primum
614 3467 760 3512 numerus
796 3448 972 3510 orationum
1008 3445 1212 3528 genuinamm
1250 3444 1415 3527 indicatur,

173 3551 286 3617 deinde
310 3552 348 3617 de
372 3552 530 3620 nonnullis
547 3554 749 3634 orationibus,
775 3573 907 3640 quarum
924 3553 1004 3618 alias
1019 3573 1081 3617 non
1096 3551 1320 3618 Demosthenis
1336 3551 1416 3637 alias

172 3660 309 3745 scriptas
333 3661 387 3726 sed
411 3681 474 3726 non
491 3661 616 3727 habitas
633 3683 700 3728 esse
717 3661 858 3727 rhetores
874 3665 1062 3742 statuerant,
1087 3661 1210 3747 plenius
1227 3661 1414 3746 disputatur,

172 3771 241 3831 tum
266 3767 303 3832 de
327 3765 499 3852 Leptineee
523 3766 741 3854 Midianaeque
765 3788 907 3834 sermone
930 3767 1023 3853 plura
1046 3767 1254 3849 disseruntur,
1284 3768 1415 3854 denique

172 3895 234 3960 quo
251 3895 332 3940 anno
350 3876 466 3940 aetatis
478 3875 707 3942 Demosthenes
719 3875 929 3942 Athenienses
942 3873 1102 3960 Olynthiis
1119 3876 1264 3942 auxiliari
1279 3877 1414 3958 iusserit,

119 4001 125 4008 ·
173 3985 280 4068 paucis
305 3982 483 4048 adnotatur.
524 3981 638 4048 Altera
661 4004 741 4070 quae
765 3983 912 4070 deinceps
935 3984 1076 4069 sequitur
1099 4005 1172 4070 pars
1188 3987 1221 4050 in
1237 3983 1297 4050 duo
1313 3983 1416 4049 divisa

172 4094 222 4156 est
245 4091 361 4175 capita,
386 4109 517 4175 quorum
540 4091 643 4176 priore
667 4091 734 4158 vita
757 4092 902 4157 continue
925 4091 1044 4177 scripta
1065 4097 1212 4158 narratur
1236 4094 1317 4178 (492
1337 4097 1354 4149 b
1371 4095 1410 4157 21

247 4287 267 4348 “)
286 4292 335 4344 Die
354 4292 533 4359 Biographien
553 4291 601 4344 der
622 4293 655 4345 10
675 4293 817 4345 Attiseheu
836 4293 949 4347 Redner.
990 4293 1013 4344 l.
1032 4293 1136 4359 Lysias.
1154 4293 1183 4345 in
1196 4293 1327 4348 Fleekcis
1347 4310 1410 4348 ann.
1471 4327 1474 4333 ·

175 4381 251 4436 1871.
290 4398 315 4450 p.
337 4381 487 4435 tel-787.

245 4467 265 4536 ²)
287 4471 358 4536 Quae
382 4473 450 4524 ratio
476 4473 546 4526 inter
571 4473 639 4525 vitas
664 4473 865 4538 Dionysiam,
890 4472 1222 4538 Pseudo-Plutareheam,
1251 4474 1412 4527 Photianam

172 4562 331 4615 intercedet.
368 4561 399 4614 ln
419 4571 470 4615 aet.
490 4579 554 4615 sem.
574 4564 641 4630 phil.
680 4563 888 4631 Erlang.18'l8.
927 4579 953 4631 p.
974 4561 1126 4616 289-312.

244 4649 266 4716 ⁸)
287 4655 325 4706 De
345 4652 447 4706 Duride
467 4654 543 4707 Diod.
564 4655 592 4706 et
614 4656 684 4706 Plut.
705 4664 821 4708 auctore.
856 4656 924 4707 Diss.
944 4655 1033 4721 inaug.
1068 4653 1188 4720 Gotting.
1212 4653 1290 4707 1874.
1321 4671 1347 4722 p.
1368 4656 1411 4708 49.
