3392 5300
646 509 868 576 ..51-

136 690 200 760 fere
229 690 333 760 verbis
361 689 474 780 quibus
502 689 616 759 Suidas
643 694 759 775 utitur,
788 713 818 778 p.
850 693 932 774 300,
961 693 1003 758 87
1034 713 1080 779 sq.
1109 693 1164 756 act
1189 692 1252 779 γὰρ
1279 687 1379 757 anniv

138 821 238 887 φασιν
260 797 349 876 ὅπως
371 802 413 890 pst
437 805 545 888 προέοι
569 801 611 864 δι’
635 800 793 885 αἰσχύνην
816 800 924 864 οἴκαδε
947 804 1153 887 συνείρξαντα
1175 799 1290 864 ἑαυτὸν
1317 801 1378 863 ἀσ-

136 915 265 973 saroam
292 908 420 996 (Suidas
448 931 477 975 v.
504 911 546 974 45
576 926 638 995 sq:
675 905 753 972 ὥστε
783 927 883 992 φασιν
907 945 949 956 —-
973 915 1028 972 ἵνα
1055 909 1135 994 μήτε·
1162 913 1268 994 προίαι
1296 910 1379 994 κτλ),

136 1017 189 1103 qui
218 1020 324 1082 autern
351 1016 435 1082 idem
465 1015 579 1082 Suidas
608 1035 679 1082 cum
706 1013 876 1100 Anonymo
903 1018 1013 1082 contra
1039 1015 1197 1081 Zosimum
1225 1017 1301 1082 facit
1328 1015 1379 1082 his

137 1124 240 1191 verbis
264 1145 293 1192 v.
319 1127 377 1190 46:
414 1127 544 1212 ξυρῆσαι
572 1127 624 1209 τῆς
651 1124 793 1209 κεφαλῆς
819 1128 912 1210 μέρος
939 1122 1023 1210 (Ζ33.
1050 1125 1130 1207 300,
1161 1126 1201 1190 87
1233 1124 1377 1210 ξυρῶναιί

137 1257 217 1298 ποτε
246 1238 301 1297 roa
328 1233 482 1312 πώγωνος
511 1233 544 1295 cd
571 1228 691 1317 ἣμισυ).
743 1229 914 1298 Praeterea
941 1229 1082 1298 Zosimus
1114 1232 1212 1298 Suida
1246 1237 1377 1318 excepto

138 1341 224 1408 solus
248 1340 287 1407 de
311 1340 385 1408 filiis
409 1363 429 1406 a
449 1339 663 1406 Demosthene
688 1337 806 1406 dotatis
829 1341 1026 1428 captivisque
1049 1340 1162 1407 solutis
1185 1341 1282 1407 verba
1303 1342 1380 1408 facit

137 1450 229 1538 (300,
257 1452 321 1516 106
345 1451 419 1537 sq.).
466 1444 589 1515 Deinde
613 1448 724 1514 eadem
747 1469 828 1537 quae
851 1448 935 1536 apud
958 1435 1088 1516 Suidam
1111 1451 1191 1516 vitia
1213 1454 1247 1515 et
1268 1450 1380 1516 iisdem

137 1561 202 1625 fere
227 1556 330 1624 verbis
354 1557 438 1644 apud
453 1556 611 1624 Zosimum
635 1557 781 1640 leguntur
804 1578 834 1643 p.
853 1559 930 1639 299,
955 1560 1098 1623 61-65.
1137 1557 1190 1624 Ad
1205 1560 1381 1623 extremum

137 1671 171 1734 et
194 1689 214 1732 a
228 1665 352 1732 Zosimo
374 1647 408 1732 et
433 1687 452 1730 a
469 1665 567 1731 Suida
582 1663 716 1732 Archias
733 1665 904 1752 ὑποκριτὴς
919 1665 1109 1752 appellatur.
1150 1665 1270 1733 Auctor
1284 1667 1381 1750 igitur

137 1777 158 1840 a
186 1775 283 1842 Suida
311 1774 390 1864 (ΙΙΙ)
426 1773 600 1861 exscriptus
564 1773 795 1860 usAnonymo
832 1773 1027 1857 simillimus,
1063 1775 1118 1840 sed
1153 1774 1380 1841 necessitudine

137 1883 274 1974 quadam
310 1904 381 1950 cum
409 1881 531 1948 Zosimo
568 1883 750 1949 coniunctus
784 1885 863 1947 erat.
916 1880 1018 1959 Quam
1053 1882 1093 1949 ad
1125 1885 1299 1950 accuratius
1327 1883 1381 1949 de-

137 1991 308 2058 finiendam
324 1991 440 2057 Zosimi
455 1971 616 2076 Anonymi
636 1971 823 2057 Suidaet
775 1991 823 2056 vit
824 2011 862 2056 ae
885 2011 966 2056 nunc
989 1992 1072 2057 inter
1094 2011 1128 2057 se
1136 1991 1381 2079 comparandae

137 2103 221 2168 sunt.
269 2099 318 2165 De
346 2119 458 2183 genere
487 2101 557 2164 orat
558 2099 620 2164 oris
648 2079 789 2164 Zosimus
818 2102 852 2164 et
879 2097 1065 2184 Anonymus
1094 2098 1244 2186 pleraque
1272 2122 1289 2166 e
1318 2101 1382 2167 De

136 2211 223 2273 most
208 2206 312 2276 thenis
348 2205 575 2293 Aeschinisque
616 2209 686 2272 orat
672 2185 809 2272 tionibus
847 2208 950 2293 petita
988 2208 1156 2293 praebent3
1195 2206 1381 2294 Anonymus

136 2317 236 2382 nimio
260 2314 396 2402 quodam
419 2315 541 2381 fervore
565 2334 622 2402 per
644 2317 746 2380 totam
770 2316 871 2380 vitam
884 2314 1035 2382 'maculas
1058 2308 1217 2402 quaslibet
1233 2337 1253 2380 a
1268 2299 1381 2402 paren-

135 2424 224 2490 tibus
249 2427 282 2490 et
305 2422 346 2488 ab
369 2425 493 2489 oratore
516 2424 585 2510 ipso
606 2421 734 2489 abluere
751 2421 866 2489 studet.
906 2421 956 2490 De
971 2423 1165 2506 educatione,
1190 2445 1382 2511 quamquam

136 2535 171 2598 in
199 2533 381 2600 universum
409 2533 621 2614 consentiunt,
650 2536 845 2598 tamennon
875 2531 985 2598 eodem
1013 2537 1143 2598 utuntur
1167 2533 1380 2599 irmdamento.

135 2639 262 2709 Zosimo
287 2644 415 2707 auctore
432 2639 673 2723 Demosthenes
698 2643 890 2727 quamquam
913 2661 952 2706 nc
977 2641 1016 2704 rot
1041 2623 1102 2705 τῶν
1125 2640 1253 2705 παίδων
1273 2645 1382 2725 ageret

136 2755 260 2817 tutores
284 2748 507 2837 prohibebant,
537 2755 644 2815 tamen
668 2748 876 2815 nihilominus
894 2745 1023 2815 Platoni
1046 2770 1175 2836 operam
1198 2749 1300 2833 dedit,
1327 2748 1383 2816 sed

138 2878 159 2926 a
183 2858 370 2925 Callistrato
395 2858 435 2924 ad
459 2857 658 2945 eloquentiae
682 2857 820 2923 studium
843 2859 993 2924 incitatus
1015 2858 1096 2925 lsaei
1120 2858 1287 2945 disciplina
1309 2880 1383 2925 usus

138 2969 197 3033 est.
238 2964 424 3051 Anonymus
447 2964 528 3030 nihil
552 2963 589 3029 de
607 2962 741 3029 Platone
765 2967 999 3047 commemorat,
1023 2965 1104 3032 nihil
1128 2966 1167 3032 de
1185 2966 1381 3049 Callistrato,

138 3095 240 3161 neque
265 3074 367 3157 magis
390 3072 518 3155 Suidas,
548 3073 634 3139 cuius
657 3075 815 3138 auctorem
840 3092 911 3137 cum
934 3071 1102 3159 Anonymo
1125 3077 1283 3142 artissime
1311 3096 1383 3141 con·

140 3184 281 3250 iunctum
310 3203 379 3248 esse
410 3181 482 3247 indo
516 3180 608 3249 facile
645 3184 786 3281 apparet.
763 3180 903 3246 tSed
936 3185 1044 3247 tamen
1078 3183 1210 3275 eundem
1247 3182 1383 3279 colorem

140 3282 352 3357 Zosimust
319 3293 352 3355 et
380 3289 566 3376 Anonymus
602 3268 780 3372 exhibent,
801 3288 882 3356 alius
916 3275 1066 3356 leviorem
1099 3269 1180 3358 alius
1208 3268 1382 3392 uberiorem

141 3397 226 3486 (Zos.
252 3400 328 3480 289,
354 3400 396 3463 26
413 3418 472 3484 sq,
498 3400 550 3465 38.
591 3396 652 3487 An.
678 3399 754 3479 303,
779 3400 867 3463 33-
826 3399 939 3491 -36).
980 3397 1101 3477 Qualis
1111 3420 1185 3466 vero
1202 3400 1284 3465 ratio
1300 3400 1383 3465 mter

142 3506 345 3591 Anonymum
370 3508 402 3571 et
388 3505 555 3572 tSuidam
580 3482 659 3593 (ΙΙΙ)
644 3505 868 3601 )intercedat,
893 3526 930 3572 eo
954 3509 1152 3593 apertissime
1175 3509 1382 3591 cognoscitur,

141 3614 225 3703 quod
249 3614 289 3679 ab
315 3619 446 3702 utroque
474 3614 606 3680 tutelari
634 3631 745 3680 causae
775 3615 914 3679 narratio
944 3614 982 3680 de
1010 3614 1152 3682 conclavi
1180 3616 1382 3681 subterraneo

141 3729 175 3789 et
199 3723 236 3788 de
261 3724 375 3809 capitis
398 3726 488 3809 parte
511 3724 605 3788 tonsa
624 3722 850 3808 praemittitur,
876 3743 946 3794 cum
959 3722 1103 3789 Zosimus
1124 3744 1186 3790 non
1202 3724 1303 3790 solnm
1320 3722 1383 3789 alio

142 3830 213 3898 loco
242 3830 281 3896 de
308 3830 358 3897 his
387 3829 478 3896 rebus
507 3833 596 3913 agat,
633 3829 688 3895 sed
720 3830 818 3894 etiarn
846 3828 1093 3897 Demosthenem
1129 3834 1174 3919 (p.
1202 3833 1286 3915 300,
1324 3833 1382 3917 85)

141 3940 270 4026 ἀνδρῶν
292 3938 415 4018 ἄγοντα
437 3938 563 4024 ἡλικίαν
585 3937 702 4003 barbae
727 3936 890 4002 dimidiam
914 3939 1038 4025 partem
1061 3939 1235 4005 totondisse
1257 3939 1383 4035 disertis

142 4046 255 4112 doceat
278 4046 392 4113 verbis.
439 4044 592 4132 Reliquae
617 4047 701 4111 vitae
731 4046 795 4111 scre
824 4066 932 4112 omnes
960 4047 1014 4133 (de
1037 4046 1169 4113 Libanio
1197 4047 1277 4114 nihil
1305 4048 1385 4139 certi

141 4156 283 4239 consta)
307 4152 510 4239 capillorum
517 4158 640 4239 partem
665 4152 717 4219 vel
740 4152 881 4240 aliquam
909 4154 961 4220 vel
989 4153 1152 4221 dimidiam
1180 4177 1252 4221 eum
1280 4135 1384 4221 toton-

142 4261 226 4328 disse
255 4265 384 4327 consent
385 4262 466 4325 lunt·
459 4261 581 4347 ,quod
608 4260 649 4326 ad
678 4265 816 4327 aetatem
846 4265 881 4327 at
881 4263 963 4328 tinet
968 4260 1247 4349 ,tAnonymuse
1234 4264 1384 4330 tSuidas

142 4364 298 4436 aPsPlut
283 4367 393 4467 barcho
410 4313 485 4449 280,
511 4369 562 4432 3Ι
576 4368 715 4450 (λέγουσι
738 4368 769 4431 δ
785 4368 892 4432 'abtin
915 4368 960 4433 ἔτι
983 4370 1096 4433 stov*
1078 4393 1157 4434 οντα
1179 4372 1251 4455 κτλ)
1275 4375 1385 4437 contra

140 4476 413 4544 Zosimumstant.
452 4476 501 4541 Dc
518 4473 648 4542 tutelari
664 4494 760 4541 causa
774 4474 916 4553 Zosimus
932 4482 965 4543 et
979 4477 1165 4574 Anonymus
1183 4477 1385 4544 clementiam

140 4581 367 4651 Demosthenis
388 4588 607 4668 erga'tutores
631 4584 740 4650 eodem
764 4584 857 4651 modo
880 4585 1074 4673 praedicant,
1099 4596 1200 4673 neque
1223 4587 1325 4653 minus
1346 4586 1385 4651 de

140 4692 359 4759 Demosthene
380 4692 589 4779 logographo,
614 4690 772 4778 sophista,
787 4693 994 4779 'reipublicae
1014 4699 1136 4761 rectore
1159 4694 1291 4761 eandem
1315 4713 1386 4761 cum

1131 4822 1169 4884 4.
