3392 5300
634 422 855 488 ..59-

128 605 226 672 redire
250 605 280 672 ei
303 604 519 686 concedamus,
545 599 581 671 ec
605 601 688 690 quod
703 601 817 670 Suidas
835 603 891 690 (I),
916 601 969 668 vel
992 606 1100 668 auctor
1123 604 1199 684 cius,
1224 606 1257 668 ct
1279 601 1364 670 Zosi-

127 737 209 796 mus,
238 714 438 800 AnonymuS,
468 713 552 780 idern
576 709 689 780 Suidas
713 713 745 778 in
769 733 794 778 c.
819 711 884 794 ΙΙΙ,
914 731 1045 798 quorum
1068 715 1211 778 auctores
1237 711 1277 777 ab
1307 711 1363 776 illo

128 821 265 890 diversos
289 823 384 890 fuisse
408 822 441 888 in
465 825 574 908 aperto
599 824 658 902 est,
683 840 744 888 unc
768 819 939 907 eodemque
962 819 1055 885 modo
1079 819 1117 884 de
1141 818 1365 886 Demosthenis

128 934 226 998 morte
250 933 424 1017 exponunt,
448 929 508 996 nisi
532 928 655 1012 egregie
679 927 788 1010 fallor,
817 932 977 995 auctorem
1001 927 1157 1014 quendam
1181 929 1276 993 fuisse
1300 932 1365 993 sta-

127 1043 213 1104 tuere
237 1040 385 1124 cogimur,
411 1061 431 1106 a
453 1057 514 1126 quo
538 1036 628 1103 nulla
650 1036 715 1102 alia
735 1038 846 1104 mortis
862 1037 943 1103 ratio
960 1035 1086 1124 prolata
1101 1041 1179 1102 erat.
1220 1035 1363 1117 Accedit,

128 1146 209 1234 quod
224 1145 339 1212 Suidae
363 1165 389 1211 c.
407 1145 457 1210 HI
480 1143 539 1212 illa
561 1143 599 1211 de
623 1149 725 1210 morte
749 1144 927 1210 narratione
951 1149 1083 1232 excepta
1105 1143 1186 1210 nihil
1208 1145 1273 1210 fere
1294 1165 1365 1210 cum

128 1242 229 1341 priore
245 1274 408 1322 commune
424 1253 610 1320 continetur.
647 1252 767 1320 Deinde
780 1251 943 1320 Plutarchi
960 1253 1071 1319 verba:
1095 1252 1243 1328 Ποίαντος
1258 1253 1294 1316 δέ
1309 1277 1366 1328 τις,

128 1361 163 1428 οὗ
193 1363 248 1448 τὴν
275 1361 415 1450 ἱστορίαν
436 1357 625 1448 'importune
652 1361 805 1446 ἀνείληφε
833 1362 937 1428 nescio
966 1360 1041 1448 quid
1069 1360 1156 1427 aliud
1188 1361 1365 1444 significent

127 1472 187 1536 nisi
210 1469 314 1558 Pappi
342 1473 533 1536 sententiam
562 1471 601 1536 ab
625 1469 799 1556 Hermippo
828 1490 884 1556 pro
912 1491 970 1535 sua
998 1469 1194 1536 venditatum
1218 1490 1286 1536 esse
1310 1470 1365 1554 (cf.

128 1579 218 1665 c..5).
258 1577 346 1646 Haec
369 1600 419 1644 me
443 1578 602 1646 adducunt
626 1581 813 1662 argumenta
835 1582 872 1643 ut
888 1600 908 1642 a
923 1577 1098 1644 doctissimi
1113 1562 1174 1642 viii
1189 1579 1366 1643 coniectura

128 1687 300 1769 discedam3
329 1707 430 1772 neque
459 1707 497 1753 ex
520 1686 694 1774 Hermippo
724 1687 792 1773 ipso
820 1707 921 1773 neque
950 1707 989 1752 ex
1017 1687 1157 1773 epitoma
1181 1684 1366 1771 Hermippei

127 1795 200 1862 libri
224 1794 340 1860 Suidae
363 1795 498 1882 primum
523 1799 618 1882 caput
640 1795 775 1882 petitum
800 1815 869 1860 esse
892 1793 971 1859 mihi
994 1794 1127 1860 videtur.
1309 1787 1314 1795 ’

217 1901 265 1968 lla
287 1923 409 1989 quoque
434 1902 494 1970 duo
518 1903 697 1986 fragrueuta
719 1901 757 1969 de
782 1904 895 1989 quibus
919 1904 983 1968 iam
1007 1902 1231 1990 disputandum
1257 1905 1320 1982 est,
1350 1923 1367 1967 e

127 2009 290 2078 Plutarchi
314 2011 382 2076 vita
404 2015 481 2078 nota
504 2014 592 2096 sunt3
617 2031 748 2097 quorum
771 2011 875 2098 priore
891 2010 1037 2078 Aesionis
1060 2011 1208 2076 iudicium
1232 2014 1273 2096 (c.
1298 2012 1366 2096 11),

127 2139 197 2185 cum
221 2117 481 2206 praecedentibus
507 2118 612 2186 verbis
640 2123 709 2184 arte
737 2119 952 2199 coniunctum,
982 2119 1021 2184 de
1049 2120 1080 2184 vi
1104 2118 1367 2184 Demosthenicae

127 2227 279 2293 orationis
302 2247 372 2293 cum
397 2231 429 2292 et
453 2226 680 2315 antiquioribus
705 2230 737 2293 et
760 2226 945 2314 aequalibus
969 2228 1145 2312 oratoribus
1166 2232 1367 2314 comparatae

126 2335 272 2402 traditur.
313 2333 365 2400 Ad
389 2335 521 2402 eundern
544 2333 754 2422 Hermippum
777 2333 817 2400 A.
842 2334 992 2401 Schaefer
1009 2333 1156 2402 Aesionis
1180 2355 1368 2427 commemo-

127 2445 283 2510 rationem
307 2443 496 2532 quaeapud
516 2443 647 2510 Suidam
671 2446 719 2510 est
740 2444 786 2531 (I)
810 2443 930 2510 retulit.
969 2442 1116 2510 Alterum
1140 2443 1173 2508 in
1196 2463 1222 2508 c.
1249 2447 1291 2509 28
1315 2464 1368 2509 ex-

127 2557 191 2618 tat:
228 2552 269 2618 ad
292 2551 445 2620 Archiam
474 2554 627 2640 pertinet,
657 2575 750 2640 quern
772 2551 966 2640 Hermippus
988 2552 1123 2633 Lacriti,
1153 2552 1332 2619 Demetrius
1343 2554 1368 2638 ¹)

128 2661 334 2729 Anaximenis
357 2662 492 2729 rhetoris
516 2661 703 2749 discipulum
725 2662 820 2729 fuisse
837 2663 1015 2749 scripserat.
1055 2661 1211 2728 Demetrii
1227 2661 1369 2748 (Magne-

127 2771 185 2856 tis)
210 2771 378 2855 vestigium
402 2770 435 2835 iu
455 2768 584 2845 PsPlut.
610 2772 678 2837 vita
702 2773 778 2853 287,
805 2771 869 2836 152
893 2773 1127 2858 apertissimum
1151 2774 1214 2837 est:
1240 2771 1368 2856 Ἀρχίου

126 2877 163 2953 ὃς
186 2877 371 2964 παρέβαλεν
389 2876 589 2960 Ἀναξιμένει
614 2881 655 2961 τῷ
678 2878 795 2964 ῥήτορι.

218 2984 316 3050 Aliud
339 2988 434 3071 atque
458 2986 589 3049 maximi
613 2984 759 3071 ponderis
783 2987 996 3069 fragmentum
1012 2983 1127 3052 Suidae
1151 2987 1255 3072 prima
1271 2988 1369 3072 parti-

128 3093 202 3159 cule
230 3094 383 3159 continet:
424 3092 575 3177 ἐπιμελὴς
601 3094 726 3175 μᾶλλον
754 3091 773 3179 ἢ
802 3094 934 3180 εὐφυὴς,
960 3094 1002 3169 (εἰς
1022 3090 1210 3180 Ἕρμιππος
1243 3092 1369 3180 ἱστορεῖ,

125 3200 181 3264 καὶ
204 3201 285 3287 πρὸς
310 3201 366 3275 τὰς
388 3200 505 3285 ἡδονὰς
528 3200 714 3276 ἀκόλαστος,
736 3200 778 3277 ὡς
800 3202 854 3265 καὶ
878 3202 968 3266 τοῦτο’
994 3200 1122 3286 φησινὸ
1142 3200 1247 3277 αὐτὸς.
1287 3198 1369 3264 ὅθεν

126 3308 181 3372 καὶ
210 3313 279 3383 νέος
306 3305 351 3372 ὢν
379 3306 528 3383 Βάταλος
554 3304 690 3394 ἐκλήθη,
723 3306 765 3383 ὡς
792 3311 844 3371 καὶ
871 3314 1035 3388 γυναικείᾳ
1067 3309 1179 3393 ἐσθῆτι
1214 3305 1369 3383 πολλάκις

127 3415 335 3503 χρησάμενος,
353 3416 471 3502 Ἀργοὶς
494 3416 529 3480 δὲ
551 3418 631 3499 μετὰ
656 3417 689 3479 τὸ
713 3416 745 3491 ἐς
767 3416 889 3504 ἄνδρας
913 3417 1046 3492 τελέσαι,
1068 3412 1149 3503 ὅπερ
1169 3416 1252 3480 ἐστὶν
1267 3416 1369 3499 ὄνομα

126 3524 277 3609 ipsust).
326 3524 364 3589 cs.
389 3522 504 3591 Aesch.
531 3524 561 3606 Ι,
586 3527 646 3607 31;
670 3524 717 3605 ΙΙ,
743 3527 796 3591 99.
843 3522 965 3591 Eadem
989 3524 1182 3607 cognominis
1206 3523 1293 3589 illius
1317 3544 1370 3588 ex-

129 3632 260 3719 plicatio
284 3652 355 3697 curn
379 3630 444 3697 alia
467 3652 505 3697 ex
529 3632 638 3697 codem
654 3631 811 3698 Aeschine
827 3630 869 3718 (I,
895 3633 975 3717 126)
991 3632 1093 3718 petita
1108 3632 1370 3718 interpretatione

130 3741 163 3805 in
187 3737 439 3805 PsPlutarcheae
464 3741 548 3805 vitae
573 3738 675 3805 altera
698 3744 788 3827 parte
812 3741 970 3805 invenitur
993 3742 1069 3819 289,
1098 3741 1162 3804 203
1187 3760 1234 3825 sq.
1260 3737 1368 3825 (Phot.

130 3850 196 3927 495
220 3870 236 3904 a
260 3850 300 3915 31
327 3850 391 3935 sq.)
437 3845 627 3915 Plutarchus
652 3850 703 3935 (4)
732 3853 765 3915 ct
787 3848 938 3915 Libanius
967 3850 1048 3931 294,
1079 3849 1121 3911 29
1151 3869 1197 3934 sq.
1228 3847 1369 3929 eandem,

208 4174 227 4243 ¹)
246 4176 409 4230 Demetrium
429 4192 512 4245 supra
529 4177 688 4231 Phalereum
708 4175 921 4245 intellegendum
940 4192 998 4230 esse
1017 4177 1074 4229 Car.
1090 4171 1202 4228 Mueller
1221 4172 1264 4240 (tr.
1284 4175 1311 4226 h.
1331 4191 1369 4243 gr.

131 4268 171 4333 11,
196 4265 276 4332 368),
296 4266 336 4319 vir
355 4265 450 4319 doctus
470 4267 487 4317 l.
509 4282 531 4319 c.
551 4282 577 4334 p.
600 4264 666 4331 125,
685 4266 732 4335 qui
752 4264 826 4334 quod
845 4266 929 4319 schol.
948 4266 983 4317 ad
1002 4265 1097 4319 Aesch.
1117 4265 1157 4328 ΙΙ,
1177 4263 1209 4328 3,
1231 4265 1243 4316 1
1265 4265 1370 4328 attulit,

131 4358 201 4411 nihil
221 4357 320 4421 effecit,
346 4355 471 4410 Gebhard
489 4372 516 4423 p.
537 4356 566 4422 9,
593 4356 627 4410 10
646 4372 707 4409 eum
727 4356 761 4410 ob
781 4357 836 4409 alia
855 4360 914 4408 tum
933 4355 1044 4409 PsPlut.
1064 4354 1112 4407 vit.
1132 4354 1199 4419 287,
1227 4353 1277 4407 152
1300 4370 1370 4407 com-

131 4447 240 4515 paranti
259 4446 324 4499 mihi
345 4446 453 4499 minime
472 4446 662 4514 probaverunt.
694 4447 873 4501 Plutarchum
886 4447 946 4499 'nou
967 4437 1057 4513 ipsum
1074 4445 1281 4512 discrepantiam
1294 4445 1370 4497 illam

134 4553 165 4591 ex
184 4537 322 4605 Hermippi
341 4538 369 4590 et
386 4536 516 4589 Demetrii
535 4537 612 4599 libris
632 4538 826 4605 exprompsisse
846 4539 952 4591 certum
970 4540 1019 4593 est.

207 4623 229 4695 ²)
250 4628 284 4681 cf.
304 4626 409 4694 suidas,
428 4626 450 4693 I,
468 4642 494 4695 p.
516 4626 576 4695 185,
597 4626 649 4681 693
669 4624 800 4693 (Boron).
